<record><header><identifier>oai:alma.41SLSP_UGE:991000021939705502</identifier><datestamp>2023-04-14T00:14:27Z</datestamp><setSpec>uge_bcen_RapidILL_BOOK</setSpec><setSpec>uge_aaca_RapidILL_BOOK</setSpec><setSpec>uge_abels_RapidILL_BOOK</setSpec><setSpec>uge_dbu_RapidILL_BOOK</setSpec><setSpec>uge_cmu_RapidILL_BOOK</setSpec><setSpec>uge_mail_RapidILL_BOOK</setSpec><setSpec>uge_abbat_RapidILL_BOOK</setSpec><setSpec>UNIGE_ALL</setSpec><setSpec>uge_aobs_RapidILL_BOOK</setSpec><setSpec>uge_acar_RapidILL_BOOK</setSpec></header><metadata>
<record xmlns="http://www.loc.gov/MARC21/slim" xmlns:xsi="http://www.w3.org/2001/XMLSchema-instance" xsi:schemaLocation="http://www.loc.gov/MARC21/slim http://www.loc.gov/standards/marcxml/schema/MARC21slim.xsd"><leader>02206nam a2200445 c 4500</leader><controlfield tag="001">991000021939705502</controlfield><controlfield tag="005">20230413234241.0</controlfield><controlfield tag="008">201011s2000    fr ||||| |||| 00| ||fre d</controlfield><datafield ind1=" " ind2=" " tag="020"><subfield code="a">9782278045884</subfield></datafield><datafield ind1=" " ind2=" " tag="020"><subfield code="z">2278045884</subfield></datafield><datafield ind1=" " ind2=" " tag="035"><subfield code="a">(swissbib)211953113-41slsp_network</subfield></datafield><datafield ind1=" " ind2=" " tag="035"><subfield code="a">211953113</subfield><subfield code="9">ExL</subfield></datafield><datafield ind1=" " ind2=" " tag="035"><subfield code="a">(RERO)R005507286-41slsp</subfield></datafield><datafield ind1=" " ind2=" " tag="035"><subfield code="a">(NEBIS)008603175EBI01</subfield></datafield><datafield ind1=" " ind2=" " tag="035"><subfield code="a">(IDSSG)000748662HSB01</subfield></datafield><datafield ind1=" " ind2=" " tag="035"><subfield code="a">(EXLNZ-41SLSP_NETWORK)991081987789705501</subfield></datafield><datafield ind1=" " ind2=" " tag="040"><subfield code="a">RERO geulcf</subfield><subfield code="d">CH-ZuSLS</subfield></datafield><datafield ind1=" " ind2="7" tag="072"><subfield code="a">fr</subfield><subfield code="2">rero</subfield></datafield><datafield ind1=" " ind2="7" tag="072"><subfield code="a">lg</subfield><subfield code="2">rero</subfield></datafield><datafield ind1="1" ind2=" " tag="100"><subfield code="a">Chollet, Isabelle</subfield><subfield code="d">1962-....</subfield><subfield code="0">(IDREF)057728232</subfield><subfield code="4">cre</subfield></datafield><datafield ind1="1" ind2="0" tag="245"><subfield code="a">Exercices de grammaire française</subfield><subfield code="b">cahier avancé</subfield><subfield code="c">Isabelle Chollet, Jean-Michel Robert</subfield></datafield><datafield ind1=" " ind2="1" tag="264"><subfield code="a">Paris</subfield><subfield code="b">Didier</subfield><subfield code="c">2000</subfield></datafield><datafield ind1=" " ind2=" " tag="300"><subfield code="a">190 p.</subfield><subfield code="b">ill.</subfield><subfield code="e">1 fasc.de corrigés (31 p.)</subfield></datafield><datafield ind1=" " ind2=" " tag="336"><subfield code="b">txt</subfield><subfield code="2">rdacontent</subfield></datafield><datafield ind1=" " ind2=" " tag="337"><subfield code="b">n</subfield><subfield code="2">rdamedia</subfield></datafield><datafield ind1=" " ind2=" " tag="338"><subfield code="b">nc</subfield><subfield code="2">rdacarrier</subfield></datafield><datafield ind1="0" ind2=" " tag="490"><subfield code="a">Point par point</subfield></datafield><datafield ind1=" " ind2="7" tag="650"><subfield code="a">Französischunterricht</subfield><subfield code="0">(DE-588)4018198-4</subfield><subfield code="2">gnd</subfield></datafield><datafield ind1=" " ind2="7" tag="650"><subfield code="a">Französisch</subfield><subfield code="0">(DE-588)4113615-9</subfield><subfield code="2">gnd</subfield></datafield><datafield ind1=" " ind2="7" tag="650"><subfield code="a">Grammatik</subfield><subfield code="0">(DE-588)4021806-5</subfield><subfield code="2">gnd</subfield></datafield><datafield ind1=" " ind2="7" tag="650"><subfield code="a">Grammatik</subfield><subfield code="x">Französisch</subfield><subfield code="x">Lehrmittel</subfield><subfield code="0">(HPHSG)000003247</subfield><subfield code="2">hph-phsg</subfield></datafield><datafield ind1=" " ind2="7" tag="655"><subfield code="a">Aufgabensammlung</subfield><subfield code="2">gnd-content</subfield></datafield><datafield ind1=" " ind2=" " tag="690"><subfield code="a">Et; En; But; Cause; Tänze</subfield><subfield code="2">idssg-J</subfield></datafield><datafield ind1=" " ind2=" " tag="690"><subfield code="a">Coordination; Rapport</subfield><subfield code="2">idssg-J</subfield></datafield><datafield ind1=" " ind2=" " tag="690"><subfield code="a">negativ Cas; simpel Et</subfield><subfield code="2">idssg-J</subfield></datafield><datafield ind1=" " ind2=" " tag="690"><subfield code="a">Adjectif place et sens; Adverbes et adjectifs; Adverbes par pour par; But cause et consequence; COLLECTION DIRIGEE; Cause et participe; Cause infinitif et; Condition et lhypothese; Consequence et le subjonctif; Consequence et lindicatif; Dans en sur; En pour dans; GRAMMAIRE; Grammaire française cahier avancé; Hochschule St GeJissi Sprachmedlatftek ISABELLE CHOLLET; Isabelle CHOLLET; Infinitif Le but; Lindicatif cause connue cause; Lindicatif cause connue ou; MONNERIEGOARIN MDiclier SOMMAIRE; Pronoms complements inconnue; Robert EXERCICES; Saint GeJissi Sprachmedlatftek</subfield><subfield code="2">idssg-J</subfield></datafield><datafield ind1="1" ind2=" " tag="700"><subfield code="a">Loiseau, Yves</subfield></datafield><datafield ind1="1" ind2=" " tag="700"><subfield code="a">Mérieux, Régine</subfield></datafield><datafield ind1="1" ind2=" " tag="700"><subfield code="a">Robert, Jean-Michel</subfield><subfield code="d">1953-</subfield><subfield code="0">(RERO)A005662766</subfield></datafield><datafield ind1="4" ind2=" " tag="856"><subfield code="u">http://www.medienverbund-phsg.ch/phsgscans/hr70003942.pdf</subfield><subfield code="z">Inhaltsverzeichnis</subfield></datafield><datafield ind1=" " ind2=" " tag="949"><subfield code="a">http://www.medienverbund-phsg.ch/phsgscans/hr70003942.pdf</subfield></datafield></record>
</metadata></record>