<record><header><identifier>oai:alma.41SLSP_UGE:991000022559705502</identifier><datestamp>2024-03-22T01:21:58Z</datestamp><setSpec>uge_bcen_RapidILL_BOOK</setSpec><setSpec>uge_aaca_RapidILL_BOOK</setSpec><setSpec>uge_abels_RapidILL_BOOK</setSpec><setSpec>uge_dbu_RapidILL_BOOK</setSpec><setSpec>uge_cmu_RapidILL_BOOK</setSpec><setSpec>uge_mail_RapidILL_BOOK</setSpec><setSpec>uge_abbat_RapidILL_BOOK</setSpec><setSpec>UNIGE_ALL</setSpec><setSpec>uge_aobs_RapidILL_BOOK</setSpec><setSpec>uge_acar_RapidILL_BOOK</setSpec></header><metadata>
<record xmlns="http://www.loc.gov/MARC21/slim" xmlns:xsi="http://www.w3.org/2001/XMLSchema-instance" xsi:schemaLocation="http://www.loc.gov/MARC21/slim http://www.loc.gov/standards/marcxml/schema/MARC21slim.xsd"><leader>01285nam a22003132c 4500</leader><controlfield tag="001">991000022559705502</controlfield><controlfield tag="005">20240321234013.0</controlfield><controlfield tag="008">180815s1523    gw ||||| |||| 00| ||ger d</controlfield><datafield ind1=" " ind2=" " tag="035"><subfield code="a">(swissbib)125007922-41slsp_network</subfield></datafield><datafield ind1=" " ind2=" " tag="035"><subfield code="a">125007922</subfield><subfield code="9">ExL</subfield></datafield><datafield ind1=" " ind2=" " tag="035"><subfield code="a">(RERO)R008829581-41slsp</subfield></datafield><datafield ind1=" " ind2=" " tag="035"><subfield code="a">(EXLNZ-41SLSP_NETWORK)991003838629705501</subfield></datafield><datafield ind1=" " ind2=" " tag="040"><subfield code="a">PAU</subfield><subfield code="b">eng</subfield><subfield code="e">dcrmb</subfield><subfield code="d">CH-ZuSLS</subfield></datafield><datafield ind1=" " ind2="7" tag="072"><subfield code="a">th</subfield><subfield code="2">rero</subfield></datafield><datafield ind1="1" ind2=" " tag="100"><subfield code="a">Westerburg, Gerhard</subfield><subfield code="d">1486-1558</subfield><subfield code="0">(IDREF)161450725</subfield><subfield code="4">cre</subfield></datafield><datafield ind1="1" ind2="0" tag="245"><subfield code="a">Vom Fegefewer und standt der verscheyden Selen eyn Chrystliche Meynung</subfield><subfield code="c">durch Doctor Gerhart Westerburch von Coellen Neulich auszgangen</subfield></datafield><datafield ind1="1" ind2=" " tag="246"><subfield code="a">Vom Fegefeuer und Stand der verscheiden Seelen eine christliche Meinung</subfield></datafield><datafield ind1=" " ind2="1" tag="264"><subfield code="a">[Cologne</subfield><subfield code="b">Eucharius Cervicornus]</subfield><subfield code="c">1523</subfield></datafield><datafield ind1=" " ind2=" " tag="300"><subfield code="a">[11] f.</subfield><subfield code="c">4°</subfield></datafield><datafield ind1=" " ind2=" " tag="336"><subfield code="b">txt</subfield><subfield code="2">rdacontent</subfield></datafield><datafield ind1=" " ind2=" " tag="337"><subfield code="b">n</subfield><subfield code="2">rdamedia</subfield></datafield><datafield ind1=" " ind2=" " tag="338"><subfield code="b">nc</subfield><subfield code="2">rdacarrier</subfield></datafield><datafield ind1=" " ind2=" " tag="500"><subfield code="a">Signatures: A-C⁴</subfield></datafield><datafield ind1="4" ind2=" " tag="510"><subfield code="a">VD16 W 2215</subfield></datafield><datafield ind1=" " ind2="0" tag="650"><subfield code="a">Purgatory</subfield><subfield code="v">Early works to 1800</subfield></datafield><datafield ind1="1" ind2=" " tag="700"><subfield code="a">Cervicornus, Eucharius</subfield><subfield code="c">imprimeur-libraire</subfield><subfield code="d">14..-15..</subfield><subfield code="0">(IDREF)031411266</subfield><subfield code="4">prt</subfield></datafield><datafield ind1=" " ind2=" " tag="751"><subfield code="a">Köln</subfield><subfield code="4">pup</subfield><subfield code="0">(RERO)A000000224</subfield></datafield><datafield ind1="4" ind2="1" tag="856"><subfield code="3">Texte intégral</subfield><subfield code="u">http://digital.onb.ac.at/OnbViewer/viewer.faces?doc=ABO_%2BZ204531500</subfield></datafield><datafield ind1=" " ind2=" " tag="900"><subfield code="a">REROswissbibnomerge</subfield></datafield><datafield ind1=" " ind2=" " tag="910"><subfield code="a">OCoLC</subfield><subfield code="b">20180815</subfield><subfield code="c">Réutilisation sous conditions: Licence ODC-BY</subfield></datafield><datafield ind1=" " ind2=" " tag="993"><subfield code="a">IHR O 122</subfield><subfield code="x">ge/uihr/289</subfield><subfield code="9">LOCAL</subfield></datafield></record>
</metadata></record>