<record><header><identifier>oai:alma.41SLSP_UGE:991000022039705502</identifier><datestamp>2023-03-01T01:08:48Z</datestamp><setSpec>uge_bcen_RapidILL_BOOK</setSpec><setSpec>uge_aaca_RapidILL_BOOK</setSpec><setSpec>uge_abels_RapidILL_BOOK</setSpec><setSpec>uge_dbu_RapidILL_BOOK</setSpec><setSpec>uge_cmu_RapidILL_BOOK</setSpec><setSpec>uge_mail_RapidILL_BOOK</setSpec><setSpec>UNIGE_ALL</setSpec><setSpec>uge_abbat_RapidILL_BOOK</setSpec><setSpec>uge_aobs_RapidILL_BOOK</setSpec><setSpec>uge_acar_RapidILL_BOOK</setSpec></header><metadata>
<record xmlns="http://www.loc.gov/MARC21/slim" xmlns:xsi="http://www.w3.org/2001/XMLSchema-instance" xsi:schemaLocation="http://www.loc.gov/MARC21/slim http://www.loc.gov/standards/marcxml/schema/MARC21slim.xsd"><leader>01211nam a2200325 c 4500</leader><controlfield tag="001">991000022039705502</controlfield><controlfield tag="005">20210207212850.0</controlfield><controlfield tag="008">901127s1990    xxu||||| |||| 10| ||eng d</controlfield><datafield ind1=" " ind2=" " tag="035"><subfield code="a">(swissbib)085146382-41slsp_network</subfield></datafield><datafield ind1=" " ind2=" " tag="035"><subfield code="a">085146382</subfield><subfield code="9">ExL</subfield></datafield><datafield ind1=" " ind2=" " tag="035"><subfield code="a">(RERO)1314636-41slsp</subfield></datafield><datafield ind1=" " ind2=" " tag="035"><subfield code="a">(EXLNZ-41SLSP_NETWORK)991021125739705501</subfield></datafield><datafield ind1=" " ind2=" " tag="040"><subfield code="a">RERO geucmu</subfield><subfield code="d">CH-ZuSLS</subfield></datafield><datafield ind1=" " ind2="7" tag="072"><subfield code="a">me</subfield><subfield code="2">rero</subfield></datafield><datafield ind1="0" ind2="0" tag="245"><subfield code="a">Prevention and noninvasive therapy of atherosclerosis</subfield><subfield code="c">ed. Alexander Leaf, Peter C. Weber</subfield></datafield><datafield ind1=" " ind2="1" tag="264"><subfield code="a">New York</subfield><subfield code="b">Raven Press</subfield><subfield code="c">[1990]</subfield></datafield><datafield ind1=" " ind2="4" tag="264"><subfield code="c">© 1990</subfield></datafield><datafield ind1=" " ind2=" " tag="300"><subfield code="a">XIII, 206 p.</subfield><subfield code="b">ill.</subfield><subfield code="c">25 cm</subfield></datafield><datafield ind1=" " ind2=" " tag="336"><subfield code="b">txt</subfield><subfield code="2">rdacontent</subfield></datafield><datafield ind1=" " ind2=" " tag="337"><subfield code="b">n</subfield><subfield code="2">rdamedia</subfield></datafield><datafield ind1=" " ind2=" " tag="338"><subfield code="b">nc</subfield><subfield code="2">rdacarrier</subfield></datafield><datafield ind1="1" ind2=" " tag="490"><subfield code="a">Atherosclerosis reviews</subfield><subfield code="v">vol. 21</subfield></datafield><datafield ind1=" " ind2=" " tag="500"><subfield code="a">Presentations from the &quot;International Workshop on Atherosclerosis&quot; held in Key West, Florida, 1989</subfield></datafield><datafield ind1=" " ind2=" " tag="500"><subfield code="a">Congrès de médecine. Key West. 1989</subfield></datafield><datafield ind1=" " ind2="2" tag="650"><subfield code="a">Arteriosclerosis</subfield><subfield code="x">prevention &amp; control</subfield></datafield><datafield ind1=" " ind2="2" tag="650"><subfield code="a">Arteriosclerosis</subfield><subfield code="x">therapy</subfield></datafield><datafield ind1=" " ind2="2" tag="655"><subfield code="a">Congress</subfield></datafield><datafield ind1="1" ind2=" " tag="700"><subfield code="a">Leaf, Alexander</subfield><subfield code="0">(RERO)A003504810</subfield></datafield><datafield ind1="2" ind2=" " tag="711"><subfield code="a">International Workshop on Atherosclerosis</subfield><subfield code="d">1989</subfield><subfield code="c">Key West</subfield><subfield code="0">(RERO)A012358584</subfield></datafield><datafield ind1=" " ind2="0" tag="830"><subfield code="a">Atherosclerosis reviews</subfield><subfield code="v">21</subfield><subfield code="w">(RERO)0456571-41slsp</subfield></datafield><datafield ind1=" " ind2=" " tag="900"><subfield code="a">REROnoselfmerge</subfield></datafield></record>
</metadata></record>