<record><header><identifier>oai:alma.41SLSP_UGE:991000022139705502</identifier><datestamp>2023-03-01T01:08:48Z</datestamp><setSpec>uge_bcen_RapidILL_BOOK</setSpec><setSpec>uge_aaca_RapidILL_BOOK</setSpec><setSpec>uge_abels_RapidILL_BOOK</setSpec><setSpec>uge_dbu_RapidILL_BOOK</setSpec><setSpec>uge_cmu_RapidILL_BOOK</setSpec><setSpec>uge_mail_RapidILL_BOOK</setSpec><setSpec>UNIGE_ALL</setSpec><setSpec>uge_abbat_RapidILL_BOOK</setSpec><setSpec>uge_aobs_RapidILL_BOOK</setSpec><setSpec>uge_acar_RapidILL_BOOK</setSpec></header><metadata>
<record xmlns="http://www.loc.gov/MARC21/slim" xmlns:xsi="http://www.w3.org/2001/XMLSchema-instance" xsi:schemaLocation="http://www.loc.gov/MARC21/slim http://www.loc.gov/standards/marcxml/schema/MARC21slim.xsd"><leader>01905nam a2200349 c 4500</leader><controlfield tag="001">991000022139705502</controlfield><controlfield tag="005">20210207120625.0</controlfield><controlfield tag="008">000914s1996    gr ||||| |||| 00| ||gre d</controlfield><datafield ind1=" " ind2=" " tag="020"><subfield code="a">9603605271</subfield></datafield><datafield ind1=" " ind2=" " tag="035"><subfield code="a">(swissbib)092773931-41slsp_network</subfield></datafield><datafield ind1=" " ind2=" " tag="035"><subfield code="a">092773931</subfield><subfield code="9">ExL</subfield></datafield><datafield ind1=" " ind2=" " tag="035"><subfield code="a">(RERO)R223206560-41slsp</subfield></datafield><datafield ind1=" " ind2=" " tag="035"><subfield code="a">(EXLNZ-41SLSP_NETWORK)991050202509705501</subfield></datafield><datafield ind1=" " ind2=" " tag="040"><subfield code="a">RERO geulgm</subfield><subfield code="d">CH-ZuSLS</subfield></datafield><datafield ind1=" " ind2="7" tag="072"><subfield code="a">gr</subfield><subfield code="2">rero</subfield></datafield><datafield ind1="1" ind2=" " tag="100"><subfield code="6">880-01</subfield><subfield code="a">Psarafti, Lítsa</subfield><subfield code="d">1943-....</subfield><subfield code="0">(IDREF)160286697</subfield><subfield code="4">cre</subfield></datafield><datafield ind1="1" ind2=" " tag="880"><subfield code="6">100-01/(S</subfield><subfield code="a">Ψαραυτή, Λίτσα</subfield></datafield><datafield ind1="1" ind2="0" tag="245"><subfield code="6">880-02</subfield><subfield code="a">&lt;&lt;To&gt;&gt; chamogelo tēs Ekatēs</subfield><subfield code="b">mythistorēma</subfield><subfield code="c">Litsa Psarautē</subfield></datafield><datafield ind1="1" ind2="0" tag="880"><subfield code="6">245-02/(S</subfield><subfield code="a">&lt;&lt;Το&gt;&gt; χαμόγελο της Εκάτης</subfield><subfield code="b">μυθιστόρημα</subfield><subfield code="c">Λίτσα Ψαραυτή</subfield></datafield><datafield ind1="1" ind2=" " tag="246"><subfield code="a">Chamógelo ti̲s Ekáti̲s</subfield><subfield code="b">mythistóri̲ma / Lítsa Psarafti̲</subfield></datafield><datafield ind1=" " ind2=" " tag="250"><subfield code="6">880-03</subfield><subfield code="a">2i̲ ekd.</subfield></datafield><datafield ind1=" " ind2=" " tag="880"><subfield code="6">250-03/(S</subfield><subfield code="a">2η έκδ.</subfield></datafield><datafield ind1=" " ind2="1" tag="264"><subfield code="6">880-04</subfield><subfield code="a">Ath̲ina</subfield><subfield code="b">Ekd. Patáki̲</subfield><subfield code="c">1996</subfield></datafield><datafield ind1=" " ind2="1" tag="880"><subfield code="6">264-04/(S</subfield><subfield code="a">Αθήνα</subfield><subfield code="b">Έκδ. Πατάκη</subfield><subfield code="c">1996</subfield></datafield><datafield ind1=" " ind2=" " tag="300"><subfield code="a">205 p.</subfield><subfield code="c">21 cm</subfield></datafield><datafield ind1=" " ind2=" " tag="336"><subfield code="b">txt</subfield><subfield code="2">rdacontent</subfield></datafield><datafield ind1=" " ind2=" " tag="337"><subfield code="b">n</subfield><subfield code="2">rdamedia</subfield></datafield><datafield ind1=" " ind2=" " tag="338"><subfield code="b">nc</subfield><subfield code="2">rdacarrier</subfield></datafield><datafield ind1="1" ind2=" " tag="490"><subfield code="6">880-05</subfield><subfield code="a">Parousíes</subfield></datafield><datafield ind1="0" ind2=" " tag="880"><subfield code="6">490-05/(S</subfield><subfield code="a">Παρουσίες</subfield></datafield><datafield ind1=" " ind2="0" tag="830"><subfield code="6">880-06</subfield><subfield code="a">Parousies</subfield><subfield code="w">(RERO)R223212060-41slsp</subfield></datafield><datafield ind1=" " ind2="0" tag="880"><subfield code="6">830-06/(S</subfield><subfield code="a">Παρουσίες</subfield></datafield><datafield ind1=" " ind2=" " tag="900"><subfield code="a">REROnoselfmerge</subfield></datafield></record>
</metadata></record>