<record><header><identifier>oai:alma.41SLSP_UGE:991000022349705502</identifier><datestamp>2023-03-21T01:09:25Z</datestamp><setSpec>uge_bcen_RapidILL_BOOK</setSpec><setSpec>uge_aaca_RapidILL_BOOK</setSpec><setSpec>uge_abels_RapidILL_BOOK</setSpec><setSpec>uge_dbu_RapidILL_BOOK</setSpec><setSpec>uge_cmu_RapidILL_BOOK</setSpec><setSpec>uge_mail_RapidILL_BOOK</setSpec><setSpec>uge_abbat_RapidILL_BOOK</setSpec><setSpec>UNIGE_ALL</setSpec><setSpec>uge_aobs_RapidILL_BOOK</setSpec><setSpec>uge_acar_RapidILL_BOOK</setSpec></header><metadata>
<record xmlns="http://www.loc.gov/MARC21/slim" xmlns:xsi="http://www.w3.org/2001/XMLSchema-instance" xsi:schemaLocation="http://www.loc.gov/MARC21/slim http://www.loc.gov/standards/marcxml/schema/MARC21slim.xsd"><leader>01337nam a2200289 c 4500</leader><controlfield tag="001">991000022349705502</controlfield><controlfield tag="005">20230320052423.0</controlfield><controlfield tag="008">201012s2009    fr ||||| |||| 01| ||fre d</controlfield><datafield ind1=" " ind2=" " tag="020"><subfield code="a">9782745319111</subfield></datafield><datafield ind1=" " ind2=" " tag="035"><subfield code="a">(swissbib)237798948-41slsp_network</subfield></datafield><datafield ind1=" " ind2=" " tag="035"><subfield code="a">237798948</subfield><subfield code="9">ExL</subfield></datafield><datafield ind1=" " ind2=" " tag="035"><subfield code="a">(RERO)R005109030-41slsp</subfield></datafield><datafield ind1=" " ind2=" " tag="035"><subfield code="a">(NEBIS)005815534EBI01</subfield></datafield><datafield ind1=" " ind2=" " tag="035"><subfield code="a">(EXLNZ-41SLSP_NETWORK)991129541629705501</subfield></datafield><datafield ind1=" " ind2=" " tag="040"><subfield code="a">RERO gevbge</subfield><subfield code="d">CH-ZuSLS</subfield></datafield><datafield ind1=" " ind2="7" tag="072"><subfield code="a">sg</subfield><subfield code="2">rero</subfield></datafield><datafield ind1="1" ind2=" " tag="100"><subfield code="6">880-01</subfield><subfield code="a">Martzloff, Jean-Claude</subfield><subfield code="d">1943-2018</subfield><subfield code="0">(IDREF)027014371</subfield><subfield code="4">cre</subfield></datafield><datafield ind1="1" ind2=" " tag="880"><subfield code="a">Martzloff, Jean-Claude</subfield><subfield code="d">1943-</subfield><subfield code="0">(DE-588)1102141038</subfield><subfield code="6">100-01</subfield></datafield><datafield ind1="1" ind2="0" tag="245"><subfield code="a">&lt;&lt;Le&gt;&gt; calendrier chinois</subfield><subfield code="b">structure et calculs (104 av. J.-C.-1644) : indétermination céleste et réforme permanente : la construction chinoise officielle du temps quotidien discret à partir d'un temps mathématique caché, linéaire et continu</subfield><subfield code="c">Jean-Claude Martzloff</subfield></datafield><datafield ind1=" " ind2="1" tag="264"><subfield code="a">Paris</subfield><subfield code="b">H. Champion</subfield><subfield code="a">Genève</subfield><subfield code="b">diff. Slatkine</subfield><subfield code="c">2009</subfield></datafield><datafield ind1=" " ind2=" " tag="300"><subfield code="a">452 p.</subfield><subfield code="b">tabl.</subfield><subfield code="c">23 cm</subfield></datafield><datafield ind1=" " ind2=" " tag="336"><subfield code="b">txt</subfield><subfield code="2">rdacontent</subfield></datafield><datafield ind1=" " ind2=" " tag="337"><subfield code="b">n</subfield><subfield code="2">rdamedia</subfield></datafield><datafield ind1=" " ind2=" " tag="338"><subfield code="b">nc</subfield><subfield code="2">rdacarrier</subfield></datafield><datafield ind1="1" ind2=" " tag="490"><subfield code="a">Sciences, techniques et civilisations du Moyen âge à l'aube des Lumières</subfield><subfield code="v">11</subfield></datafield><datafield ind1=" " ind2="7" tag="650"><subfield code="a">Calendrier chinois</subfield><subfield code="0">(IDREF)02738960X</subfield><subfield code="2">idref</subfield></datafield><datafield ind1=" " ind2=" " tag="830"><subfield code="a">Sciences, techniques et civilisations du Moyen Âge à l'aube des Lumières</subfield><subfield code="v">11</subfield><subfield code="w">(NEBIS)001907043EBI01</subfield></datafield><datafield ind1=" " ind2=" " tag="900"><subfield code="a">REROnoselfmerge</subfield></datafield></record>
</metadata></record>