<record><header><identifier>oai:alma.41SLSP_UGE:991000022049705502</identifier><datestamp>2023-03-21T01:10:43Z</datestamp><setSpec>uge_bcen_RapidILL_BOOK</setSpec><setSpec>uge_aaca_RapidILL_BOOK</setSpec><setSpec>uge_abels_RapidILL_BOOK</setSpec><setSpec>uge_dbu_RapidILL_BOOK</setSpec><setSpec>uge_cmu_RapidILL_BOOK</setSpec><setSpec>uge_mail_RapidILL_BOOK</setSpec><setSpec>uge_abbat_RapidILL_BOOK</setSpec><setSpec>UNIGE_ALL</setSpec><setSpec>uge_acar_RapidILL_BOOK</setSpec><setSpec>uge_aobs_RapidILL_BOOK</setSpec></header><metadata>
<record xmlns="http://www.loc.gov/MARC21/slim" xmlns:xsi="http://www.w3.org/2001/XMLSchema-instance" xsi:schemaLocation="http://www.loc.gov/MARC21/slim http://www.loc.gov/standards/marcxml/schema/MARC21slim.xsd"><leader>01103nam a2200301 c 4500</leader><controlfield tag="001">991000022049705502</controlfield><controlfield tag="005">20230320195616.0</controlfield><controlfield tag="008">010611s1988    cc ||||| |||| 00| ||chi d</controlfield><datafield ind1=" " ind2=" " tag="020"><subfield code="a">7500001940</subfield></datafield><datafield ind1=" " ind2=" " tag="035"><subfield code="a">(swissbib)096878401-41slsp_network</subfield></datafield><datafield ind1=" " ind2=" " tag="035"><subfield code="a">096878401</subfield><subfield code="9">ExL</subfield></datafield><datafield ind1=" " ind2=" " tag="035"><subfield code="a">(RERO)R003049977-41slsp</subfield></datafield><datafield ind1=" " ind2=" " tag="035"><subfield code="a">(EXLNZ-41SLSP_NETWORK)991089461319705501</subfield></datafield><datafield ind1=" " ind2=" " tag="040"><subfield code="a">RERO geulch</subfield><subfield code="d">CH-ZuSLS</subfield></datafield><datafield ind1=" " ind2="7" tag="072"><subfield code="a">or</subfield><subfield code="2">rero</subfield></datafield><datafield ind1="0" ind2="0" tag="245"><subfield code="a">Yuyan wenxue</subfield><subfield code="c">Zhongguo da baike quanshu zong bianji weiyuanhui</subfield></datafield><datafield ind1=" " ind2="1" tag="264"><subfield code="a">Beijing</subfield><subfield code="a">Shanghai</subfield><subfield code="b">Zhongguo da baike quanshu chubanshe</subfield><subfield code="c">1986</subfield></datafield><datafield ind1=" " ind2=" " tag="300"><subfield code="a">1 vol. (pagination multiple)</subfield><subfield code="b">ill.</subfield><subfield code="c">27 cm</subfield></datafield><datafield ind1=" " ind2=" " tag="336"><subfield code="b">txt</subfield><subfield code="2">rdacontent</subfield></datafield><datafield ind1=" " ind2=" " tag="337"><subfield code="b">n</subfield><subfield code="2">rdamedia</subfield></datafield><datafield ind1=" " ind2=" " tag="338"><subfield code="b">nc</subfield><subfield code="2">rdacarrier</subfield></datafield><datafield ind1="1" ind2=" " tag="490"><subfield code="a">Zhongguo da baike quanshu</subfield></datafield><datafield ind1=" " ind2="7" tag="650"><subfield code="a">Écriture</subfield><subfield code="0">(IDREF)027288390</subfield><subfield code="2">idref</subfield></datafield><datafield ind1=" " ind2="7" tag="650"><subfield code="a">Langues</subfield><subfield code="0">(IDREF)027582639</subfield><subfield code="2">idref</subfield></datafield><datafield ind1=" " ind2="7" tag="650"><subfield code="a">Épigraphie</subfield><subfield code="0">(IDREF)030684110</subfield><subfield code="2">idref</subfield></datafield><datafield ind1=" " ind2="7" tag="655"><subfield code="a">Encyclopédies</subfield><subfield code="0">(IDREF)028638166</subfield><subfield code="2">idref</subfield></datafield><datafield ind1="2" ind2=" " tag="710"><subfield code="a">Zhongguo da bai ke quan shu zong bian ji wei yuan hui</subfield><subfield code="0">(IDREF)227823044</subfield></datafield><datafield ind1=" " ind2=" " tag="830"><subfield code="a">Zhongguo da baike quanshu</subfield><subfield code="w">(RERO)0675332-41slsp</subfield></datafield><datafield ind1=" " ind2=" " tag="900"><subfield code="a">REROnoselfmerge</subfield></datafield></record>
</metadata></record>