<record><header><identifier>oai:alma.41SLSP_UGE:991000021959705502</identifier><datestamp>2024-04-20T00:13:09Z</datestamp><setSpec>uge_bcen_RapidILL_BOOK</setSpec><setSpec>uge_aaca_RapidILL_BOOK</setSpec><setSpec>uge_abels_RapidILL_BOOK</setSpec><setSpec>uge_dbu_RapidILL_BOOK</setSpec><setSpec>uge_cmu_RapidILL_BOOK</setSpec><setSpec>uge_mail_RapidILL_BOOK</setSpec><setSpec>uge_abbat_RapidILL_BOOK</setSpec><setSpec>UNIGE_ALL</setSpec><setSpec>uge_acar_RapidILL_BOOK</setSpec><setSpec>uge_aobs_RapidILL_BOOK</setSpec></header><metadata>
<record xmlns="http://www.loc.gov/MARC21/slim" xmlns:xsi="http://www.w3.org/2001/XMLSchema-instance" xsi:schemaLocation="http://www.loc.gov/MARC21/slim http://www.loc.gov/standards/marcxml/schema/MARC21slim.xsd"><leader>01314ncm a2200325 c 4500</leader><controlfield tag="001">991000021959705502</controlfield><controlfield tag="005">20240419092214.0</controlfield><controlfield tag="008">900521s1990    xxu||l||            und d</controlfield><datafield ind1=" " ind2=" " tag="020"><subfield code="a">0824045106</subfield></datafield><datafield ind1=" " ind2=" " tag="035"><subfield code="a">(swissbib)084694726-41slsp_network</subfield></datafield><datafield ind1=" " ind2=" " tag="035"><subfield code="a">084694726</subfield><subfield code="9">ExL</subfield></datafield><datafield ind1=" " ind2=" " tag="035"><subfield code="a">(RERO)1245778-41slsp</subfield></datafield><datafield ind1=" " ind2=" " tag="035"><subfield code="a">(EXLNZ-41SLSP_NETWORK)991124136879705501</subfield></datafield><datafield ind1=" " ind2=" " tag="040"><subfield code="a">RERO labcur</subfield><subfield code="d">CH-ZuSLS</subfield></datafield><datafield ind1=" " ind2="7" tag="072"><subfield code="a">mu</subfield><subfield code="2">rero</subfield></datafield><datafield ind1="1" ind2=" " tag="100"><subfield code="a">Usper, Francesco</subfield><subfield code="4">cre</subfield></datafield><datafield ind1="1" ind2="0" tag="245"><subfield code="a">Ricercari e arie francesi</subfield><subfield code="b">à quattro voci : (Venice, 1595)</subfield><subfield code="c">Francesco Usper ; ed. by James Ladewig</subfield></datafield><datafield ind1=" " ind2="1" tag="264"><subfield code="a">New York</subfield><subfield code="a">London</subfield><subfield code="b">Garland</subfield><subfield code="c">1990</subfield></datafield><datafield ind1=" " ind2=" " tag="300"><subfield code="a">1 PARTITION (XVI, 140 p.)</subfield><subfield code="b">ill.</subfield><subfield code="c">31 cm</subfield></datafield><datafield ind1=" " ind2=" " tag="336"><subfield code="b">ntm</subfield><subfield code="2">rdacontent</subfield></datafield><datafield ind1=" " ind2=" " tag="337"><subfield code="b">n</subfield><subfield code="2">rdamedia</subfield></datafield><datafield ind1=" " ind2=" " tag="338"><subfield code="b">nc</subfield><subfield code="2">rdacarrier</subfield></datafield><datafield ind1=" " ind2=" " tag="382"><subfield code="a">instruments mélodiques</subfield><subfield code="n">4</subfield><subfield code="2">reromusi</subfield></datafield><datafield ind1="1" ind2=" " tag="490"><subfield code="a">Italian instrumental music of the Sixteenth and early Seventeenth Centuries</subfield><subfield code="v">vol. 11</subfield></datafield><datafield ind1=" " ind2="7" tag="655"><subfield code="a">Ricercare</subfield><subfield code="x">instruments mélodiques (4)</subfield><subfield code="y">1601-1650</subfield><subfield code="2">reromusg</subfield></datafield><datafield ind1=" " ind2=" " tag="690"><subfield code="a">Ricercare</subfield><subfield code="d">instruments mélodiques (4)</subfield><subfield code="e">1601-1650</subfield><subfield code="2">musg</subfield></datafield><datafield ind1=" " ind2=" " tag="690"><subfield code="a">instruments mélodiques (4)</subfield><subfield code="2">musi</subfield></datafield><datafield ind1="1" ind2=" " tag="700"><subfield code="a">Ladewig, James</subfield><subfield code="0">(IDREF)070441995</subfield></datafield><datafield ind1="1" ind2="2" tag="700"><subfield code="a">Usper, Francesco</subfield><subfield code="t">Ricercari e arie francesi.</subfield><subfield code="r">1595</subfield></datafield><datafield ind1=" " ind2="0" tag="830"><subfield code="a">Italian instrumental music of the Sixteenth and early Seventeenth Centuries</subfield><subfield code="v">11</subfield><subfield code="w">(RERO)1110041-41slsp</subfield></datafield><datafield ind1=" " ind2=" " tag="900"><subfield code="a">REROnoselfmerge</subfield></datafield></record>
</metadata></record>