<record><header><identifier>oai:alma.41SLSP_UGE:991000021649705502</identifier><datestamp>2023-03-01T01:08:48Z</datestamp><setSpec>uge_bcen_RapidILL_BOOK</setSpec><setSpec>uge_aaca_RapidILL_BOOK</setSpec><setSpec>uge_abels_RapidILL_BOOK</setSpec><setSpec>uge_dbu_RapidILL_BOOK</setSpec><setSpec>uge_cmu_RapidILL_BOOK</setSpec><setSpec>uge_mail_RapidILL_BOOK</setSpec><setSpec>UNIGE_ALL</setSpec><setSpec>uge_abbat_RapidILL_BOOK</setSpec><setSpec>uge_aobs_RapidILL_BOOK</setSpec><setSpec>uge_acar_RapidILL_BOOK</setSpec></header><metadata>
<record xmlns="http://www.loc.gov/MARC21/slim" xmlns:xsi="http://www.w3.org/2001/XMLSchema-instance" xsi:schemaLocation="http://www.loc.gov/MARC21/slim http://www.loc.gov/standards/marcxml/schema/MARC21slim.xsd"><leader>00968nam a2200277 c 4500</leader><controlfield tag="001">991000021649705502</controlfield><controlfield tag="005">20210206211615.0</controlfield><controlfield tag="008">201011s1961    xxu||||| |||| 10| ||eng d</controlfield><datafield ind1=" " ind2=" " tag="035"><subfield code="a">(swissbib)216600626-41slsp_network</subfield></datafield><datafield ind1=" " ind2=" " tag="035"><subfield code="a">216600626</subfield><subfield code="9">ExL</subfield></datafield><datafield ind1=" " ind2=" " tag="035"><subfield code="a">(RERO)0877785-41slsp</subfield></datafield><datafield ind1=" " ind2=" " tag="035"><subfield code="a">(NEBIS)008981917EBI01</subfield></datafield><datafield ind1=" " ind2=" " tag="035"><subfield code="a">(EXLNZ-41SLSP_NETWORK)991142706009705501</subfield></datafield><datafield ind1=" " ind2=" " tag="040"><subfield code="a">RERO geudbu</subfield><subfield code="d">CH-ZuSLS</subfield></datafield><datafield ind1=" " ind2="7" tag="072"><subfield code="a">me</subfield><subfield code="2">rero</subfield></datafield><datafield ind1="0" ind2="0" tag="245"><subfield code="a">Human pituitary gonadotropins</subfield><subfield code="b">a workshop Conference</subfield><subfield code="c">[Conference on Human Gonadotropins held December 3-5, 1959, at Gatlinburg, Tennessee] ; ed. by A. Albert</subfield></datafield><datafield ind1=" " ind2="1" tag="264"><subfield code="a">Springfield Ill.</subfield><subfield code="b">C.C. Thomas</subfield><subfield code="c">[1961]</subfield></datafield><datafield ind1=" " ind2="4" tag="264"><subfield code="c">© 1961</subfield></datafield><datafield ind1=" " ind2=" " tag="300"><subfield code="a">XI, 434 p.</subfield><subfield code="b">ill.</subfield><subfield code="c">24 cm</subfield></datafield><datafield ind1=" " ind2=" " tag="336"><subfield code="b">txt</subfield><subfield code="2">rdacontent</subfield></datafield><datafield ind1=" " ind2=" " tag="337"><subfield code="b">n</subfield><subfield code="2">rdamedia</subfield></datafield><datafield ind1=" " ind2=" " tag="338"><subfield code="b">nc</subfield><subfield code="2">rdacarrier</subfield></datafield><datafield ind1="1" ind2=" " tag="700"><subfield code="a">Albert, A.</subfield></datafield><datafield ind1="1" ind2=" " tag="700"><subfield code="a">Albert, Alexander</subfield><subfield code="d">1911-</subfield><subfield code="0">(IDREF)137138210</subfield></datafield><datafield ind1="2" ind2=" " tag="711"><subfield code="a">Conference on Human Gonadotropins</subfield><subfield code="d">1959</subfield><subfield code="c">Gatlinburg</subfield><subfield code="0">(RERO)A012473932</subfield></datafield><datafield ind1=" " ind2=" " tag="900"><subfield code="a">REROnoselfmerge</subfield></datafield><datafield ind1=" " ind2=" " tag="900"><subfield code="f">IDSU2medea</subfield></datafield></record>
</metadata></record>