<record><header><identifier>oai:alma.41SLSP_UGE:991000022169705502</identifier><datestamp>2023-03-01T01:08:48Z</datestamp><setSpec>uge_bcen_RapidILL_BOOK</setSpec><setSpec>uge_aaca_RapidILL_BOOK</setSpec><setSpec>uge_abels_RapidILL_BOOK</setSpec><setSpec>uge_dbu_RapidILL_BOOK</setSpec><setSpec>uge_cmu_RapidILL_BOOK</setSpec><setSpec>uge_mail_RapidILL_BOOK</setSpec><setSpec>UNIGE_ALL</setSpec><setSpec>uge_abbat_RapidILL_BOOK</setSpec><setSpec>uge_aobs_RapidILL_BOOK</setSpec><setSpec>uge_acar_RapidILL_BOOK</setSpec></header><metadata>
<record xmlns="http://www.loc.gov/MARC21/slim" xmlns:xsi="http://www.w3.org/2001/XMLSchema-instance" xsi:schemaLocation="http://www.loc.gov/MARC21/slim http://www.loc.gov/standards/marcxml/schema/MARC21slim.xsd"><leader>02588nam a2200493 c 4500</leader><controlfield tag="001">991000022169705502</controlfield><controlfield tag="005">20201231132936.0</controlfield><controlfield tag="008">201011t19931993ne ||||| |||| 10| ||eng d</controlfield><datafield ind1=" " ind2=" " tag="010"><subfield code="a">92037363</subfield></datafield><datafield ind1=" " ind2=" " tag="020"><subfield code="a">0792320557</subfield></datafield><datafield ind1=" " ind2=" " tag="035"><subfield code="a">(swissbib)232061254-41slsp_network</subfield></datafield><datafield ind1=" " ind2=" " tag="035"><subfield code="a">232061254</subfield><subfield code="9">ExL</subfield></datafield><datafield ind1=" " ind2=" " tag="035"><subfield code="a">(RERO)1695827-41slsp</subfield></datafield><datafield ind1=" " ind2=" " tag="035"><subfield code="a">(NEBIS)000905633EBI01</subfield></datafield><datafield ind1=" " ind2=" " tag="035"><subfield code="a">(EXLNZ-41SLSP_NETWORK)991132290209705501</subfield></datafield><datafield ind1=" " ind2=" " tag="040"><subfield code="a">RERO geussm</subfield><subfield code="d">CH-ZuSLS</subfield></datafield><datafield ind1=" " ind2="7" tag="072"><subfield code="a">ma</subfield><subfield code="2">rero</subfield></datafield><datafield ind1=" " ind2=" " tag="084"><subfield code="a">93</subfield><subfield code="2">msc</subfield></datafield><datafield ind1="0" ind2="0" tag="245"><subfield code="a">Topology design of structures</subfield><subfield code="c">ed. by Martin P. Bendsøe and Carlos A. Mota Soares</subfield></datafield><datafield ind1=" " ind2="1" tag="264"><subfield code="a">Dordrecht</subfield><subfield code="a">Boston [etc.]</subfield><subfield code="b">Kluwer Academic Publishers</subfield><subfield code="c">[1993]</subfield></datafield><datafield ind1=" " ind2="4" tag="264"><subfield code="c">© 1993</subfield></datafield><datafield ind1=" " ind2=" " tag="300"><subfield code="a">xvi, 569 p.</subfield><subfield code="b">ill.</subfield><subfield code="c">25 cm</subfield></datafield><datafield ind1=" " ind2=" " tag="336"><subfield code="b">txt</subfield><subfield code="2">rdacontent</subfield></datafield><datafield ind1=" " ind2=" " tag="337"><subfield code="b">n</subfield><subfield code="2">rdamedia</subfield></datafield><datafield ind1=" " ind2=" " tag="338"><subfield code="b">nc</subfield><subfield code="2">rdacarrier</subfield></datafield><datafield ind1="1" ind2=" " tag="490"><subfield code="a">NATO ASI series. Series E, Applied sciences</subfield><subfield code="v">vol. 227</subfield></datafield><datafield ind1=" " ind2=" " tag="500"><subfield code="a">Le verso de la page de titre porte: &quot;Proceedings of the NATO Advanced Research Workshop on Topology Design of Structures, Sesimbra, Portugal, June 20-June 26, 1992&quot;</subfield></datafield><datafield ind1=" " ind2=" " tag="500"><subfield code="a">Congrès de mathématiques. Sesimbra, Portugal. 1992</subfield></datafield><datafield ind1=" " ind2=" " tag="500"><subfield code="a">&quot;Proceedings of the NATO Advanced Research Workshop on Topology Design of Structures, Sesimbra, Portugal, June 20-26, 1992&quot;. - Anlassname auch: NATO Advanced Research Workshop Topology Design of Structures</subfield></datafield><datafield ind1=" " ind2=" " tag="504"><subfield code="a">Includes bibliographical references and index</subfield></datafield><datafield ind1=" " ind2="7" tag="650"><subfield code="a">ALLGEMEINE TOPOLOGIE (MATHEMATIK)</subfield><subfield code="9">ger</subfield><subfield code="0">(ETHUDK)000013005</subfield><subfield code="2">ethudk</subfield></datafield><datafield ind1=" " ind2="7" tag="650"><subfield code="a">BAUSTATIK (BAUINGENIEURWESEN)</subfield><subfield code="9">ger</subfield><subfield code="0">(ETHUDK)000029714</subfield><subfield code="2">ethudk</subfield></datafield><datafield ind1=" " ind2="7" tag="650"><subfield code="a">CAD (RECHNERGESTÜTZTES ENTWERFEN UND KONSTRUIEREN)</subfield><subfield code="9">ger</subfield><subfield code="0">(ETHUDK)000034695</subfield><subfield code="2">ethudk</subfield></datafield><datafield ind1=" " ind2="7" tag="650"><subfield code="a">FORMENLEHRE (STEREOMETRIE)</subfield><subfield code="9">ger</subfield><subfield code="0">(ETHUDK)000041377</subfield><subfield code="2">ethudk</subfield></datafield><datafield ind1=" " ind2="7" tag="650"><subfield code="a">GENETISCHE ALGORITHMEN (MATHEMATISCHE OPTIMIERUNG)</subfield><subfield code="9">ger</subfield><subfield code="0">(ETHUDK)000042321</subfield><subfield code="2">ethudk</subfield></datafield><datafield ind1=" " ind2="7" tag="650"><subfield code="a">MATHEMATISCHE OPTIMIERUNG (OPERATIONS RESEARCH)</subfield><subfield code="9">ger</subfield><subfield code="0">(ETHUDK)000013853</subfield><subfield code="2">ethudk</subfield></datafield><datafield ind1=" " ind2="7" tag="650"><subfield code="a">TRAGWERKSENTWURF (BAUSTATIK)</subfield><subfield code="9">ger</subfield><subfield code="0">(ETHUDK)000029716</subfield><subfield code="2">ethudk</subfield></datafield><datafield ind1=" " ind2="7" tag="655"><subfield code="a">Konferenzschrift</subfield><subfield code="z">Sesimbra</subfield><subfield code="y">1992/06</subfield><subfield code="2">gnd-content</subfield></datafield><datafield ind1="1" ind2=" " tag="700"><subfield code="a">Bendsøe, Martin P.</subfield><subfield code="0">(IDREF)075161052</subfield></datafield><datafield ind1="2" ind2=" " tag="710"><subfield code="a">NATO</subfield><subfield code="0">(DE-588)377-3</subfield></datafield><datafield ind1="2" ind2=" " tag="711"><subfield code="a">Advanced Research Workshop on Topology Design of Structures</subfield><subfield code="d">1992</subfield><subfield code="c">Sesimbra</subfield><subfield code="0">(DE-588)5142589-0</subfield></datafield><datafield ind1="2" ind2=" " tag="711"><subfield code="a">NATO Advanced Research Workshop on Topology Design of Structures</subfield><subfield code="d">1992</subfield><subfield code="c">Sesimbra, Portugal</subfield><subfield code="0">(RERO)A012452559</subfield></datafield><datafield ind1=" " ind2=" " tag="830"><subfield code="a">NATO science series</subfield><subfield code="n">Series E</subfield><subfield code="p">Applied sciences</subfield><subfield code="v">227</subfield><subfield code="w">(NEBIS)000019079EBI01</subfield></datafield><datafield ind1=" " ind2=" " tag="830"><subfield code="a">NATO ASI Series</subfield><subfield code="p">Series E, Applied sciences</subfield><subfield code="v">227</subfield><subfield code="w">(RERO)0674898-41slsp</subfield></datafield><datafield ind1=" " ind2=" " tag="900"><subfield code="a">REROnoselfmerge</subfield></datafield></record>
</metadata></record>