<record><header><identifier>oai:alma.41SLSP_UGE:991000022579705502</identifier><datestamp>2023-03-01T01:08:49Z</datestamp><setSpec>uge_bcen_RapidILL_BOOK</setSpec><setSpec>uge_aaca_RapidILL_BOOK</setSpec><setSpec>uge_abels_RapidILL_BOOK</setSpec><setSpec>uge_dbu_RapidILL_BOOK</setSpec><setSpec>uge_cmu_RapidILL_BOOK</setSpec><setSpec>uge_mail_RapidILL_BOOK</setSpec><setSpec>UNIGE_ALL</setSpec><setSpec>uge_abbat_RapidILL_BOOK</setSpec><setSpec>uge_aobs_RapidILL_BOOK</setSpec><setSpec>uge_acar_RapidILL_BOOK</setSpec></header><metadata>
<record xmlns="http://www.loc.gov/MARC21/slim" xmlns:xsi="http://www.w3.org/2001/XMLSchema-instance" xsi:schemaLocation="http://www.loc.gov/MARC21/slim http://www.loc.gov/standards/marcxml/schema/MARC21slim.xsd"><leader>02652nam a22006497c 4500</leader><controlfield tag="001">991000022579705502</controlfield><controlfield tag="005">20230213203418.0</controlfield><controlfield tag="008">201012s2007    fr ||||| |||| 00| ||fre d</controlfield><datafield ind1=" " ind2=" " tag="020"><subfield code="a">9782745316776</subfield><subfield code="q">H. Champion, Paris</subfield></datafield><datafield ind1=" " ind2=" " tag="035"><subfield code="a">(swissbib)238269604-41slsp_network</subfield></datafield><datafield ind1=" " ind2=" " tag="035"><subfield code="a">238269604</subfield><subfield code="9">ExL</subfield></datafield><datafield ind1=" " ind2=" " tag="035"><subfield code="a">(RERO)R004609305-41slsp</subfield></datafield><datafield ind1=" " ind2=" " tag="035"><subfield code="a">(NEBIS)005536461EBI01</subfield></datafield><datafield ind1=" " ind2=" " tag="035"><subfield code="a">(IDSBB)004399464DSV01</subfield></datafield><datafield ind1=" " ind2=" " tag="035"><subfield code="a">(Sz)vtls001518305</subfield></datafield><datafield ind1=" " ind2=" " tag="035"><subfield code="a">(EXLNZ-41SLSP_NETWORK)991082815769705501</subfield></datafield><datafield ind1=" " ind2=" " tag="040"><subfield code="a">RERO labcud</subfield><subfield code="d">CH-ZuSLS</subfield></datafield><datafield ind1=" " ind2="7" tag="072"><subfield code="a">fr</subfield><subfield code="2">rero</subfield></datafield><datafield ind1=" " ind2="7" tag="072"><subfield code="a">fl</subfield><subfield code="2">SzZuIDS BS/BE</subfield></datafield><datafield ind1="0" ind2="4" tag="082"><subfield code="a">809</subfield><subfield code="2">1</subfield></datafield><datafield ind1="0" ind2="4" tag="082"><subfield code="a">840</subfield></datafield><datafield ind1="0" ind2="4" tag="082"><subfield code="a">841</subfield></datafield><datafield ind1="1" ind2="4" tag="082"><subfield code="a">840</subfield><subfield code="2">15</subfield></datafield><datafield ind1="1" ind2="4" tag="082"><subfield code="a">809</subfield><subfield code="2">1</subfield></datafield><datafield ind1=" " ind2=" " tag="084"><subfield code="a">IH 25521</subfield><subfield code="2">rvk</subfield></datafield><datafield ind1="1" ind2=" " tag="100"><subfield code="6">880-01</subfield><subfield code="a">Guyon, Laurence</subfield><subfield code="d">1970-....</subfield><subfield code="0">(IDREF)075901625</subfield><subfield code="4">cre</subfield></datafield><datafield ind1="1" ind2=" " tag="880"><subfield code="a">Guyon, Laurence</subfield><subfield code="d">1970-</subfield><subfield code="0">(DE-588)134115457</subfield><subfield code="6">100-01</subfield></datafield><datafield ind1="1" ind2="0" tag="245"><subfield code="a">Cendrars en énigme</subfield><subfield code="b">modèles mystiques, écritures poétiques</subfield><subfield code="c">Laurence Guyon</subfield></datafield><datafield ind1=" " ind2="1" tag="264"><subfield code="a">Paris</subfield><subfield code="b">H. Champion</subfield><subfield code="a">Genève</subfield><subfield code="b">diff. Slatkine</subfield><subfield code="c">2007</subfield></datafield><datafield ind1=" " ind2=" " tag="300"><subfield code="a">228 p.</subfield><subfield code="c">22 cm</subfield></datafield><datafield ind1=" " ind2=" " tag="336"><subfield code="b">txt</subfield><subfield code="2">rdacontent</subfield></datafield><datafield ind1=" " ind2=" " tag="337"><subfield code="b">n</subfield><subfield code="2">rdamedia</subfield></datafield><datafield ind1=" " ind2=" " tag="338"><subfield code="b">nc</subfield><subfield code="2">rdacarrier</subfield></datafield><datafield ind1="1" ind2=" " tag="490"><subfield code="a">Cahiers Blaise Cendrars</subfield><subfield code="v">no 9</subfield></datafield><datafield ind1=" " ind2=" " tag="500"><subfield code="a">Version remaniée de la thèse de doctorat soutenue à l'Université de Rennes 2, en 2003.</subfield></datafield><datafield ind1=" " ind2=" " tag="502"><subfield code="a">Zugl.: Diss. Univ. Rennes, 2, 2003 (version remaniée)</subfield></datafield><datafield ind1=" " ind2=" " tag="504"><subfield code="a">Bibliographie sélective: S. 215-222</subfield></datafield><datafield ind1="1" ind2="7" tag="600"><subfield code="a">Cendrars, Blaise</subfield><subfield code="d">1887-1961</subfield><subfield code="0">(IDREF)026774348</subfield><subfield code="2">idref</subfield></datafield><datafield ind1="1" ind2="7" tag="600"><subfield code="a">Cendrars, Blaise</subfield><subfield code="d">1887-1961</subfield><subfield code="0">(DE-588)118667653</subfield><subfield code="2">gnd</subfield></datafield><datafield ind1="1" ind2="7" tag="600"><subfield code="a">Cendrars, Blaise</subfield><subfield code="2">idszbz</subfield></datafield><datafield ind1="1" ind2="0" tag="600"><subfield code="a">Cendrars, Blaise</subfield><subfield code="d">1887-1961</subfield><subfield code="x">Criticism and interpretation</subfield></datafield><datafield ind1="1" ind2="7" tag="600"><subfield code="a">Cendrars, Blaise</subfield><subfield code="x">Ästhetik und Poetik</subfield><subfield code="2">idsbb</subfield></datafield><datafield ind1="1" ind2="7" tag="600"><subfield code="a">Cendrars, Blaise</subfield><subfield code="x">Religion</subfield><subfield code="2">idsbb</subfield></datafield><datafield ind1=" " ind2="7" tag="650"><subfield code="a">Mystique</subfield><subfield code="0">(IDREF)027687201</subfield><subfield code="2">idref</subfield></datafield><datafield ind1=" " ind2="7" tag="650"><subfield code="a">Mystik</subfield><subfield code="2">idszbz</subfield></datafield><datafield ind1=" " ind2="7" tag="650"><subfield code="a">Mystik</subfield><subfield code="0">(DE-588)4041003-1</subfield><subfield code="2">gnd</subfield></datafield><datafield ind1=" " ind2="7" tag="650"><subfield code="a">Christentum</subfield><subfield code="0">(DE-588)4010074-1</subfield><subfield code="2">gnd</subfield></datafield><datafield ind1=" " ind2="7" tag="655"><subfield code="a">Hochschulschrift</subfield><subfield code="2">gnd-content</subfield></datafield><datafield ind1=" " ind2=" " tag="690"><subfield code="a">Cendrars, Blaise (1887-1961), Allgemeines</subfield><subfield code="2">ube-BD</subfield></datafield><datafield ind1=" " ind2=" " tag="690"><subfield code="a">Literatur, Cendrars, Blaise, Allgemeines</subfield><subfield code="2">ube-BE</subfield></datafield><datafield ind1=" " ind2=" " tag="690"><subfield code="a">Lyrik, Cendrars, Blaise, Allgemeines</subfield><subfield code="2">ube-BE</subfield></datafield><datafield ind1=" " ind2=" " tag="691"><subfield code="e">2.13.1.2 Cendrars, Blaise (1887-1961)</subfield><subfield code="2">ube-GA</subfield></datafield><datafield ind1="4" ind2=" " tag="856"><subfield code="3">Titelblatt und Inhaltsverzeichnis</subfield><subfield code="u">https://toc.library.ethz.ch/objects/pdf/z01_978-2-7453-1677-6_01.pdf</subfield><subfield code="q">pdf</subfield></datafield><datafield ind1=" " ind2=" " tag="830"><subfield code="a">Cahiers Blaise Cendrars</subfield><subfield code="v">9</subfield><subfield code="w">(RERO)1133199-41slsp</subfield></datafield><datafield ind1=" " ind2=" " tag="830"><subfield code="a">Cahiers Blaise Cendrars</subfield><subfield code="v">9</subfield><subfield code="w">(IDSBB)000584165DSV01</subfield></datafield><datafield ind1=" " ind2=" " tag="900"><subfield code="a">REROnoselfmerge</subfield></datafield><datafield ind1=" " ind2=" " tag="900"><subfield code="a">IDSZ2zbzmon200803f</subfield><subfield code="c">IDSZ2beer</subfield><subfield code="d">IDSZ2zbzswk200901b</subfield><subfield code="e">IDSZ2arma</subfield></datafield><datafield ind1=" " ind2=" " tag="949"><subfield code="a">https://toc.library.ethz.ch/objects/pdf/z01_978-2-7453-1677-6_01.pdf</subfield></datafield></record>
</metadata></record>