<record><header><identifier>oai:alma.41SLSP_UGE:991000022079705502</identifier><datestamp>2023-03-04T01:19:37Z</datestamp><setSpec>uge_bcen_RapidILL_BOOK</setSpec><setSpec>uge_aaca_RapidILL_BOOK</setSpec><setSpec>uge_abels_RapidILL_BOOK</setSpec><setSpec>uge_dbu_RapidILL_BOOK</setSpec><setSpec>uge_cmu_RapidILL_BOOK</setSpec><setSpec>uge_mail_RapidILL_BOOK</setSpec><setSpec>uge_abbat_RapidILL_BOOK</setSpec><setSpec>UNIGE_ALL</setSpec><setSpec>uge_acar_RapidILL_BOOK</setSpec><setSpec>uge_aobs_RapidILL_BOOK</setSpec></header><metadata>
<record xmlns="http://www.loc.gov/MARC21/slim" xmlns:xsi="http://www.w3.org/2001/XMLSchema-instance" xsi:schemaLocation="http://www.loc.gov/MARC21/slim http://www.loc.gov/standards/marcxml/schema/MARC21slim.xsd"><leader>01600nam a22003732c 4500</leader><controlfield tag="001">991000022079705502</controlfield><controlfield tag="005">20230303203045.0</controlfield><controlfield tag="008">141015s2014    xxk||||| |||| 00| ||eng d</controlfield><datafield ind1=" " ind2=" " tag="020"><subfield code="a">9780415815796</subfield><subfield code="q">hbk.</subfield></datafield><datafield ind1=" " ind2=" " tag="020"><subfield code="a">9780415815802</subfield><subfield code="q">pbk.</subfield></datafield><datafield ind1=" " ind2=" " tag="035"><subfield code="a">(swissbib)120765977-41slsp_network</subfield></datafield><datafield ind1=" " ind2=" " tag="035"><subfield code="a">120765977</subfield><subfield code="9">ExL</subfield></datafield><datafield ind1=" " ind2=" " tag="035"><subfield code="a">(RERO)R007908243-41slsp</subfield></datafield><datafield ind1=" " ind2=" " tag="035"><subfield code="a">(EXLNZ-41SLSP_NETWORK)991021989989705501</subfield></datafield><datafield ind1=" " ind2=" " tag="040"><subfield code="a">DLC</subfield><subfield code="d">CH-ZuSLS</subfield></datafield><datafield ind1=" " ind2="0" tag="050"><subfield code="a">RC489.A7</subfield><subfield code="b">C38 2014</subfield></datafield><datafield ind1=" " ind2="7" tag="072"><subfield code="a">ps</subfield><subfield code="2">rero</subfield></datafield><datafield ind1="0" ind2="0" tag="082"><subfield code="a">616.89/1656</subfield><subfield code="2">23</subfield></datafield><datafield ind1="1" ind2=" " tag="100"><subfield code="a">Case, Caroline</subfield><subfield code="d">1948-....</subfield><subfield code="0">(IDREF)067112226</subfield><subfield code="4">cre</subfield></datafield><datafield ind1="1" ind2="0" tag="245"><subfield code="a">&lt;&lt;The&gt;&gt; handbook of art therapy</subfield><subfield code="c">Caroline Case and Tessa Dalley</subfield></datafield><datafield ind1=" " ind2=" " tag="250"><subfield code="a">3rd ed.</subfield></datafield><datafield ind1=" " ind2="1" tag="264"><subfield code="a">London</subfield><subfield code="b">Routledge</subfield><subfield code="c">2014</subfield></datafield><datafield ind1=" " ind2=" " tag="300"><subfield code="a">307 p.</subfield><subfield code="b">ill.</subfield></datafield><datafield ind1=" " ind2=" " tag="336"><subfield code="b">txt</subfield><subfield code="2">rdacontent</subfield></datafield><datafield ind1=" " ind2=" " tag="337"><subfield code="b">n</subfield><subfield code="2">rdamedia</subfield></datafield><datafield ind1=" " ind2=" " tag="338"><subfield code="b">nc</subfield><subfield code="2">rdacarrier</subfield></datafield><datafield ind1=" " ind2=" " tag="504"><subfield code="a">Includes bibliographical references and index.</subfield></datafield><datafield ind1="0" ind2=" " tag="505"><subfield code="a">Introduction -- The art therapist -- The art therapy room -- The therapy in art therapy -- The image in art therapy -- Art therapy with individual clients -- Working with groups in art therapy -- Theoretical developments and influences on current art therapy practice -- Art and psychoanalysis -- Development of psychoanalytic understanding</subfield></datafield><datafield ind1=" " ind2="0" tag="650"><subfield code="a">Art therapy</subfield><subfield code="v">Handbooks, manuals, etc</subfield></datafield><datafield ind1=" " ind2="0" tag="650"><subfield code="a">Art therapy</subfield><subfield code="z">Great Britain</subfield><subfield code="v">Handbooks, manuals, etc</subfield></datafield><datafield ind1=" " ind2="0" tag="650"><subfield code="a">Arts</subfield><subfield code="x">Therapeutic use</subfield><subfield code="v">Handbooks, manuals, etc</subfield></datafield><datafield ind1=" " ind2="7" tag="650"><subfield code="a">Art-thérapie</subfield><subfield code="0">(IDREF)027253120</subfield><subfield code="2">idref</subfield></datafield><datafield ind1="1" ind2=" " tag="700"><subfield code="a">Dalley, Tessa</subfield><subfield code="c">ergothérapeute</subfield><subfield code="d">1953-....</subfield><subfield code="0">(IDREF)035014199</subfield></datafield><datafield ind1=" " ind2=" " tag="900"><subfield code="a">REROnoselfmerge</subfield></datafield><datafield ind1=" " ind2=" " tag="910"><subfield code="a">LOC</subfield><subfield code="b">20141015</subfield><subfield code="c">Droits réservés</subfield></datafield></record>
</metadata></record>