<record><header><identifier>oai:alma.41SLSP_UGE:991000022599705502</identifier><datestamp>2024-01-21T01:20:28Z</datestamp><setSpec>uge_bcen_RapidILL_BOOK</setSpec><setSpec>uge_aaca_RapidILL_BOOK</setSpec><setSpec>uge_abels_RapidILL_BOOK</setSpec><setSpec>uge_dbu_RapidILL_BOOK</setSpec><setSpec>uge_cmu_RapidILL_BOOK</setSpec><setSpec>uge_mail_RapidILL_BOOK</setSpec><setSpec>UNIGE_ALL</setSpec><setSpec>uge_abbat_RapidILL_BOOK</setSpec><setSpec>uge_aobs_RapidILL_BOOK</setSpec><setSpec>uge_acar_RapidILL_BOOK</setSpec></header><metadata>
<record xmlns="http://www.loc.gov/MARC21/slim" xmlns:xsi="http://www.w3.org/2001/XMLSchema-instance" xsi:schemaLocation="http://www.loc.gov/MARC21/slim http://www.loc.gov/standards/marcxml/schema/MARC21slim.xsd"><leader>03265nam a2200805 c 4500</leader><controlfield tag="001">991000022599705502</controlfield><controlfield tag="005">20230619202134.0</controlfield><controlfield tag="008">201011s2002    xxu||||| |||| 00| ||eng d</controlfield><datafield ind1=" " ind2=" " tag="015"><subfield code="a">GBA2-U8242</subfield></datafield><datafield ind1=" " ind2=" " tag="020"><subfield code="a">0674009134</subfield><subfield code="q">alk. paper</subfield></datafield><datafield ind1=" " ind2=" " tag="035"><subfield code="a">(swissbib)21716661X-41slsp_network</subfield></datafield><datafield ind1=" " ind2=" " tag="035"><subfield code="a">21716661X</subfield><subfield code="9">ExL</subfield></datafield><datafield ind1=" " ind2=" " tag="035"><subfield code="a">(RERO)R003398349-41slsp</subfield></datafield><datafield ind1=" " ind2=" " tag="035"><subfield code="a">(NEBIS)004490147EBI01</subfield></datafield><datafield ind1=" " ind2=" " tag="035"><subfield code="a">(IDSBB)002749694DSV01</subfield></datafield><datafield ind1=" " ind2=" " tag="035"><subfield code="a">(EXLNZ-41SLSP_NETWORK)991102838939705501</subfield></datafield><datafield ind1=" " ind2=" " tag="040"><subfield code="a">RERO labcud</subfield><subfield code="d">CH-ZuSLS</subfield></datafield><datafield ind1=" " ind2="7" tag="072"><subfield code="a">ht</subfield><subfield code="2">rero</subfield></datafield><datafield ind1=" " ind2="7" tag="072"><subfield code="a">an</subfield><subfield code="2">SzZuIDS BS/BE</subfield></datafield><datafield ind1="0" ind2="0" tag="082"><subfield code="a">327.73/009/034</subfield><subfield code="2">21</subfield></datafield><datafield ind1="0" ind2="4" tag="082"><subfield code="a">973</subfield><subfield code="2">21</subfield></datafield><datafield ind1="1" ind2="4" tag="082"><subfield code="a">327.73009034</subfield><subfield code="2">21</subfield></datafield><datafield ind1=" " ind2=" " tag="084"><subfield code="a">ML 5700</subfield><subfield code="2">rvk</subfield></datafield><datafield ind1="1" ind2=" " tag="100"><subfield code="a">Kaplan, Amy</subfield><subfield code="d">1953-2020</subfield><subfield code="0">(DE-588)1118386892</subfield><subfield code="6">880-01</subfield></datafield><datafield ind1="1" ind2=" " tag="880"><subfield code="6">100-01</subfield><subfield code="a">Kaplan, Amy</subfield><subfield code="d">1943-....</subfield><subfield code="0">(IDREF)033721823</subfield><subfield code="4">cre</subfield></datafield><datafield ind1="1" ind2="0" tag="245"><subfield code="a">&lt;&lt;The&gt;&gt; anarchy of empire in the making of U.S. culture</subfield><subfield code="c">Amy Kaplan</subfield></datafield><datafield ind1=" " ind2="1" tag="264"><subfield code="a">Cambridge Mass. [etc.]</subfield><subfield code="b">Harvard Univ. Press</subfield><subfield code="c">2002</subfield></datafield><datafield ind1=" " ind2=" " tag="300"><subfield code="a">260 p.</subfield><subfield code="c">25 cm</subfield></datafield><datafield ind1=" " ind2=" " tag="336"><subfield code="b">txt</subfield><subfield code="2">rdacontent</subfield></datafield><datafield ind1=" " ind2=" " tag="337"><subfield code="b">n</subfield><subfield code="2">rdamedia</subfield></datafield><datafield ind1=" " ind2=" " tag="338"><subfield code="b">nc</subfield><subfield code="2">rdacarrier</subfield></datafield><datafield ind1="1" ind2=" " tag="490"><subfield code="a">Convergences</subfield></datafield><datafield ind1=" " ind2=" " tag="504"><subfield code="a">Includes bibliographical references and index</subfield></datafield><datafield ind1="4" ind2=" " tag="510"><subfield code="a">Social history. - London. - Vol. 30(2005), no. 1, p. 101-103 (Julian Go)</subfield></datafield><datafield ind1="1" ind2="7" tag="600"><subfield code="a">Du Bois, W. E. B</subfield><subfield code="q">William Edward Burghardt</subfield><subfield code="d">1868-1963</subfield><subfield code="2">idszbzes</subfield></datafield><datafield ind1="1" ind2="7" tag="600"><subfield code="a">Twain, Mark</subfield><subfield code="d">1835-1910</subfield><subfield code="2">idszbzes</subfield></datafield><datafield ind1=" " ind2="7" tag="648"><subfield code="a">Geschichte 1865-1921</subfield><subfield code="2">gnd</subfield></datafield><datafield ind1=" " ind2="7" tag="648"><subfield code="a">Geschichte 1846-1917</subfield><subfield code="2">idszbz</subfield></datafield><datafield ind1=" " ind2="7" tag="648"><subfield code="a">Geschichte 1850-1900</subfield><subfield code="2">idszbz</subfield></datafield><datafield ind1=" " ind2="7" tag="648"><subfield code="a">Geschichte 1900-1950</subfield><subfield code="2">idszbz</subfield></datafield><datafield ind1=" " ind2="7" tag="650"><subfield code="a">Culture</subfield><subfield code="0">(IDREF)027231429</subfield><subfield code="2">idref</subfield></datafield><datafield ind1=" " ind2="7" tag="650"><subfield code="a">Impérialisme</subfield><subfield code="0">(IDREF)027234312</subfield><subfield code="2">idref</subfield></datafield><datafield ind1=" " ind2="7" tag="650"><subfield code="a">19e siècle</subfield><subfield code="0">(IDREF)027794059</subfield><subfield code="2">idref</subfield></datafield><datafield ind1=" " ind2="7" tag="650"><subfield code="a">Identité collective</subfield><subfield code="0">(IDREF)029251133</subfield><subfield code="2">idref</subfield></datafield><datafield ind1=" " ind2="7" tag="650"><subfield code="a">Außenpolitik</subfield><subfield code="0">(DE-588)4003846-4</subfield><subfield code="2">gnd</subfield></datafield><datafield ind1=" " ind2="7" tag="650"><subfield code="a">Nationalbewusstsein</subfield><subfield code="0">(DE-588)4041282-9</subfield><subfield code="2">gnd</subfield></datafield><datafield ind1=" " ind2="7" tag="650"><subfield code="a">Popkultur</subfield><subfield code="0">(DE-588)4175361-6</subfield><subfield code="2">gnd</subfield></datafield><datafield ind1=" " ind2="7" tag="650"><subfield code="a">Imperialismus</subfield><subfield code="2">idszbz</subfield></datafield><datafield ind1=" " ind2="7" tag="650"><subfield code="a">Kultur</subfield><subfield code="2">idszbz</subfield></datafield><datafield ind1=" " ind2="7" tag="650"><subfield code="a">Politische Identität</subfield><subfield code="2">idszbz</subfield></datafield><datafield ind1=" " ind2="7" tag="650"><subfield code="a">Imperialism</subfield><subfield code="z">United States</subfield><subfield code="2">idszbzes</subfield></datafield><datafield ind1=" " ind2="7" tag="650"><subfield code="a">National characteristics</subfield><subfield code="z">United States</subfield><subfield code="2">idszbzes</subfield></datafield><datafield ind1=" " ind2="7" tag="650"><subfield code="a">Popular culture</subfield><subfield code="z">United States</subfield><subfield code="y">19th-20th century</subfield><subfield code="2">idszbzes</subfield></datafield><datafield ind1=" " ind2="0" tag="650"><subfield code="a">Popular culture</subfield><subfield code="x">History</subfield><subfield code="z">United States</subfield><subfield code="y">19th century</subfield></datafield><datafield ind1=" " ind2="0" tag="650"><subfield code="a">Culture in motion pictures</subfield></datafield><datafield ind1=" " ind2="0" tag="650"><subfield code="a">Imperialism in literature</subfield></datafield><datafield ind1=" " ind2="0" tag="650"><subfield code="a">Imperialism in motion pictures</subfield></datafield><datafield ind1=" " ind2="0" tag="650"><subfield code="a">Imperialism</subfield><subfield code="x">Social aspects</subfield><subfield code="z">United States</subfield><subfield code="x">History</subfield></datafield><datafield ind1=" " ind2="0" tag="650"><subfield code="a">National characteristics, American</subfield></datafield><datafield ind1=" " ind2="0" tag="650"><subfield code="a">Popular culture</subfield><subfield code="z">United States</subfield><subfield code="x">History</subfield><subfield code="y">20th century</subfield></datafield><datafield ind1=" " ind2="7" tag="651"><subfield code="a">États-Unis</subfield><subfield code="0">(IDREF)027225488</subfield><subfield code="2">idref</subfield></datafield><datafield ind1=" " ind2="7" tag="651"><subfield code="a">USA</subfield><subfield code="0">(DE-588)4078704-7</subfield><subfield code="2">gnd</subfield></datafield><datafield ind1=" " ind2="7" tag="651"><subfield code="a">USA</subfield><subfield code="2">idszbz</subfield></datafield><datafield ind1=" " ind2="7" tag="651"><subfield code="a">United States</subfield><subfield code="x">Civilization</subfield><subfield code="v">19th-20th century</subfield><subfield code="2">idszbzes</subfield></datafield><datafield ind1=" " ind2="7" tag="651"><subfield code="a">United States</subfield><subfield code="x">Foreign relations</subfield><subfield code="2">idszbzes</subfield></datafield><datafield ind1=" " ind2="0" tag="651"><subfield code="a">United States</subfield><subfield code="x">Foreign relations</subfield><subfield code="y">1783-1865</subfield></datafield><datafield ind1=" " ind2="0" tag="651"><subfield code="a">United States</subfield><subfield code="x">Foreign relations</subfield><subfield code="y">1865-1921</subfield></datafield><datafield ind1=" " ind2="0" tag="651"><subfield code="a">United States</subfield><subfield code="x">Territorial expansion</subfield></datafield><datafield ind1=" " ind2="0" tag="830"><subfield code="a">Convergences</subfield><subfield code="p">Harvard Univ. Press</subfield><subfield code="w">(RERO)1926515-41slsp</subfield></datafield><datafield ind1=" " ind2=" " tag="900"><subfield code="a">IDSZ2zbzmon200306f</subfield><subfield code="c">IDSZ2tres</subfield><subfield code="d">IDSZ2zbzswk200306b</subfield><subfield code="e">IDSZ2brue</subfield></datafield><datafield ind1=" " ind2=" " tag="900"><subfield code="a">IDSZ2esmon200403</subfield><subfield code="c">IDSZ2beda</subfield><subfield code="d">IDSZ2esswk200403b</subfield><subfield code="e">IDSZ2leud</subfield></datafield></record>
</metadata></record>