<record><header><identifier>oai:alma.41SLSP_UGE:991000022489705502</identifier><datestamp>2024-01-11T01:16:15Z</datestamp><setSpec>uge_bcen_RapidILL_BOOK</setSpec><setSpec>uge_aaca_RapidILL_BOOK</setSpec><setSpec>uge_abels_RapidILL_BOOK</setSpec><setSpec>uge_dbu_RapidILL_BOOK</setSpec><setSpec>uge_cmu_RapidILL_BOOK</setSpec><setSpec>uge_mail_RapidILL_BOOK</setSpec><setSpec>uge_abbat_RapidILL_BOOK</setSpec><setSpec>UNIGE_ALL</setSpec><setSpec>uge_aobs_RapidILL_BOOK</setSpec><setSpec>uge_acar_RapidILL_BOOK</setSpec></header><metadata>
<record xmlns="http://www.loc.gov/MARC21/slim" xmlns:xsi="http://www.w3.org/2001/XMLSchema-instance" xsi:schemaLocation="http://www.loc.gov/MARC21/slim http://www.loc.gov/standards/marcxml/schema/MARC21slim.xsd"><leader>02693nam a2200661 c 4500</leader><controlfield tag="001">991000022489705502</controlfield><controlfield tag="005">20230913140619.0</controlfield><controlfield tag="008">200908t20212021sz |||||     |00| ||fre d</controlfield><datafield ind1=" " ind2=" " tag="020"><subfield code="a">9782889500628</subfield><subfield code="q">papier</subfield></datafield><datafield ind1=" " ind2=" " tag="035"><subfield code="a">(swissbib)126713464-41slsp_network</subfield></datafield><datafield ind1=" " ind2=" " tag="035"><subfield code="a">126713464</subfield><subfield code="9">ExL</subfield></datafield><datafield ind1=" " ind2=" " tag="035"><subfield code="a">(RERO)R009076724-41slsp</subfield></datafield><datafield ind1=" " ind2=" " tag="035"><subfield code="a">(EXLNZ-41SLSP_NETWORK)991040556329705501</subfield></datafield><datafield ind1=" " ind2=" " tag="040"><subfield code="a">RERO geulhg</subfield><subfield code="b">fre</subfield><subfield code="e">rda</subfield><subfield code="d">CH-ZuSLS UZB UFSW</subfield></datafield><datafield ind1=" " ind2=" " tag="044"><subfield code="a">sz</subfield><subfield code="c">ch-ne</subfield></datafield><datafield ind1=" " ind2="7" tag="072"><subfield code="a">ht</subfield><subfield code="2">rero</subfield></datafield><datafield ind1=" " ind2="7" tag="072"><subfield code="a">ss</subfield><subfield code="2">rero</subfield></datafield><datafield ind1="7" ind2="4" tag="082"><subfield code="a">360</subfield><subfield code="2">23sdnb</subfield></datafield><datafield ind1="7" ind2="4" tag="082"><subfield code="a">949.4</subfield><subfield code="2">23sdnb</subfield></datafield><datafield ind1="1" ind2=" " tag="100"><subfield code="6">880-01</subfield><subfield code="a">Droux, Joëlle</subfield><subfield code="c">enseignante en sciences de l'éducation</subfield><subfield code="d">1965-....</subfield><subfield code="0">(IDREF)081487061</subfield><subfield code="4">aut</subfield></datafield><datafield ind1="1" ind2=" " tag="880"><subfield code="6">100-01/(B</subfield><subfield code="a">Droux, Joëlle</subfield><subfield code="4">aut</subfield><subfield code="0">(DE-588)108119863X</subfield></datafield><datafield ind1="1" ind2="0" tag="245"><subfield code="a">Placés, déplacés, protégés?</subfield><subfield code="b">l'histoire du placement d'enfants en Suisse, XIXe-XXe siècles</subfield><subfield code="c">Joëlle Droux, Anne-Françoise Praz</subfield></datafield><datafield ind1=" " ind2="1" tag="264"><subfield code="a">Neuchâtel</subfield><subfield code="b">Éditions Livreo-Alphil</subfield><subfield code="c">[2021]</subfield></datafield><datafield ind1=" " ind2="4" tag="264"><subfield code="c">© 2021</subfield></datafield><datafield ind1=" " ind2=" " tag="300"><subfield code="a">142 pages</subfield></datafield><datafield ind1=" " ind2=" " tag="336"><subfield code="b">txt</subfield><subfield code="2">rdacontent</subfield></datafield><datafield ind1=" " ind2=" " tag="337"><subfield code="b">n</subfield><subfield code="2">rdamedia</subfield></datafield><datafield ind1=" " ind2=" " tag="338"><subfield code="b">nc</subfield><subfield code="2">rdacarrier</subfield></datafield><datafield ind1="1" ind2=" " tag="490"><subfield code="a">Collection Focus</subfield><subfield code="v">33</subfield></datafield><datafield ind1=" " ind2="7" tag="651"><subfield code="a">Schweiz</subfield><subfield code="2">gnd</subfield><subfield code="0">(DE-588)4053881-3</subfield></datafield><datafield ind1=" " ind2="7" tag="648"><subfield code="a">Geschichte 1850-1990</subfield><subfield code="2">gnd</subfield></datafield><datafield ind1=" " ind2="7" tag="650"><subfield code="a">Kind</subfield><subfield code="2">gnd</subfield><subfield code="0">(DE-588)4030550-8</subfield></datafield><datafield ind1=" " ind2="7" tag="650"><subfield code="a">Sozialgeschichte</subfield><subfield code="0">(DE-STW)15723-6</subfield><subfield code="2">stw</subfield></datafield><datafield ind1=" " ind2="7" tag="650"><subfield code="a">Jugendliche</subfield><subfield code="0">(DE-STW)15924-3</subfield><subfield code="2">stw</subfield></datafield><datafield ind1=" " ind2="7" tag="650"><subfield code="a">Jugend</subfield><subfield code="2">gnd</subfield><subfield code="0">(DE-588)4028859-6</subfield></datafield><datafield ind1=" " ind2="7" tag="650"><subfield code="a">Fremdunterbringung</subfield><subfield code="2">gnd</subfield><subfield code="0">(DE-588)4201873-0</subfield></datafield><datafield ind1=" " ind2="7" tag="650"><subfield code="a">Heimerziehung</subfield><subfield code="2">gnd</subfield><subfield code="0">(DE-588)4024137-3</subfield></datafield><datafield ind1=" " ind2="7" tag="650"><subfield code="a">Psychisches Trauma</subfield><subfield code="2">gnd</subfield><subfield code="0">(DE-588)4060749-5</subfield></datafield><datafield ind1=" " ind2="7" tag="650"><subfield code="a">Enfants placés</subfield><subfield code="0">(IDREF)056592302</subfield><subfield code="2">idref</subfield></datafield><datafield ind1=" " ind2="7" tag="650"><subfield code="a">Placement d'enfants</subfield><subfield code="0">(IDREF)032675682</subfield><subfield code="2">idref</subfield></datafield><datafield ind1=" " ind2="7" tag="650"><subfield code="a">Foyers éducatifs</subfield><subfield code="0">(IDREF)200546309</subfield><subfield code="2">idref</subfield></datafield><datafield ind1=" " ind2="7" tag="650"><subfield code="a">Enfants</subfield><subfield code="0">(IDREF)027233278</subfield><subfield code="2">idref</subfield></datafield><datafield ind1=" " ind2="7" tag="650"><subfield code="a">Protection, assistance, etc.</subfield><subfield code="0">(IDREF)027546179</subfield><subfield code="2">idref</subfield></datafield><datafield ind1=" " ind2="7" tag="650"><subfield code="a">19e siècle</subfield><subfield code="0">(IDREF)027794059</subfield><subfield code="2">idref</subfield></datafield><datafield ind1=" " ind2="7" tag="650"><subfield code="a">20e siècle</subfield><subfield code="0">(IDREF)086305646</subfield><subfield code="2">idref</subfield></datafield><datafield ind1=" " ind2="7" tag="651"><subfield code="a">Suisse</subfield><subfield code="0">(IDREF)027249654</subfield><subfield code="2">idref</subfield></datafield><datafield ind1=" " ind2="7" tag="655"><subfield code="a">Récits personnels</subfield><subfield code="0">(IDREF)027805441</subfield><subfield code="2">idref</subfield></datafield><datafield ind1="0" ind2=" " tag="776"><subfield code="i">PDF</subfield><subfield code="z">9782889500642</subfield></datafield><datafield ind1="0" ind2=" " tag="776"><subfield code="i">EPUB</subfield><subfield code="z">9782889500659</subfield></datafield><datafield ind1="1" ind2=" " tag="700"><subfield code="6">880-02</subfield><subfield code="a">Praz, Anne-Françoise</subfield><subfield code="d">1957-</subfield><subfield code="0">(IDREF)057497397</subfield><subfield code="4">aut</subfield></datafield><datafield ind1="1" ind2=" " tag="880"><subfield code="6">700-02/(B</subfield><subfield code="a">Praz, Anne-Françoise</subfield><subfield code="d">1957-</subfield><subfield code="4">aut</subfield><subfield code="0">(DE-588)1082591696</subfield></datafield><datafield ind1=" " ind2="0" tag="830"><subfield code="a">Focus</subfield><subfield code="p">Alphil</subfield><subfield code="v">33</subfield><subfield code="w">(RERO)R005181432-41slsp</subfield></datafield><datafield ind1=" " ind2="0" tag="830"><subfield code="a">Collection Focus</subfield><subfield code="v">33</subfield><subfield code="w">(IDSBB)005129249DSV01</subfield></datafield><datafield ind1=" " ind2="0" tag="830"><subfield code="a">Collection Focus</subfield><subfield code="v">33</subfield><subfield code="w">991063766539705501</subfield></datafield><datafield ind1="4" ind2="2" tag="856"><subfield code="3">Table des matières</subfield><subfield code="q">PDF</subfield><subfield code="u">https://urn.ub.unibe.ch/urn:ch:slsp:9782889500628:ihv:pdf</subfield></datafield><datafield ind1=" " ind2=" " tag="900"><subfield code="a">REROnoselfmerge</subfield></datafield><datafield ind1=" " ind2=" " tag="900"><subfield code="a">Stoppsignal FRED</subfield><subfield code="x">BSB/B434/202103</subfield></datafield><datafield ind1=" " ind2=" " tag="903"><subfield code="a">RERO-SIGN</subfield><subfield code="5">BCUFR/20210216/hde</subfield></datafield><datafield ind1=" " ind2=" " tag="949"><subfield code="a">https://urn.ub.unibe.ch/urn:ch:slsp:9782889500628:ihv:pdf</subfield></datafield></record>
</metadata></record>