<record><header><identifier>oai:alma.41SLSP_UGE:991000022089705502</identifier><datestamp>2023-03-01T01:08:49Z</datestamp><setSpec>uge_bcen_RapidILL_BOOK</setSpec><setSpec>uge_aaca_RapidILL_BOOK</setSpec><setSpec>uge_abels_RapidILL_BOOK</setSpec><setSpec>uge_dbu_RapidILL_BOOK</setSpec><setSpec>uge_cmu_RapidILL_BOOK</setSpec><setSpec>uge_mail_RapidILL_BOOK</setSpec><setSpec>UNIGE_ALL</setSpec><setSpec>uge_abbat_RapidILL_BOOK</setSpec><setSpec>uge_aobs_RapidILL_BOOK</setSpec><setSpec>uge_acar_RapidILL_BOOK</setSpec></header><metadata>
<record xmlns="http://www.loc.gov/MARC21/slim" xmlns:xsi="http://www.w3.org/2001/XMLSchema-instance" xsi:schemaLocation="http://www.loc.gov/MARC21/slim http://www.loc.gov/standards/marcxml/schema/MARC21slim.xsd"><leader>01873nam a2200313 c 4500</leader><controlfield tag="001">991000022089705502</controlfield><controlfield tag="005">20201227133023.0</controlfield><controlfield tag="008">960518s1984    ne ||||| |||| 00| ||ara d</controlfield><datafield ind1=" " ind2=" " tag="020"><subfield code="a">9004074317</subfield></datafield><datafield ind1=" " ind2=" " tag="035"><subfield code="a">(swissbib)091260604-41slsp_network</subfield></datafield><datafield ind1=" " ind2=" " tag="035"><subfield code="a">091260604</subfield><subfield code="9">ExL</subfield></datafield><datafield ind1=" " ind2=" " tag="035"><subfield code="a">(RERO)2202954-41slsp</subfield></datafield><datafield ind1=" " ind2=" " tag="035"><subfield code="a">(EXLNZ-41SLSP_NETWORK)991062202839705501</subfield></datafield><datafield ind1=" " ind2=" " tag="040"><subfield code="a">RERO geular</subfield><subfield code="d">CH-ZuSLS</subfield></datafield><datafield ind1=" " ind2="7" tag="072"><subfield code="a">sm</subfield><subfield code="2">rero</subfield></datafield><datafield ind1="0" ind2="0" tag="245"><subfield code="6">880-01</subfield><subfield code="a">Kitāb Alf laylah wa-laylah</subfield><subfield code="b">min uṣūlihi al-ʿarabīyah al-ūlá</subfield><subfield code="c">ḥaqqaqahu wa-qaddama lahu Muḥsin Mahdī</subfield></datafield><datafield ind1="0" ind2="0" tag="880"><subfield code="6">245-01/(3/r</subfield><subfield code="a">كتاب ألف ليلة وليلة</subfield><subfield code="b">من أصوله العربية الأولى</subfield><subfield code="c">حققه وقدم له محسن مهدي</subfield></datafield><datafield ind1="1" ind2=" " tag="246"><subfield code="a">Kitāb Alf layla wa layla</subfield><subfield code="b">min uṣūlihi al-ʿarabiyya al-ūlā / ḥaqqaqahu wa qaddama lahu Muḥsin Mahdī</subfield></datafield><datafield ind1=" " ind2=" " tag="250"><subfield code="6">880-02</subfield><subfield code="a">[Aṭ-ṭabʿa aš-šaʿbiyya]</subfield></datafield><datafield ind1=" " ind2=" " tag="880"><subfield code="6">250-02/(3/r</subfield><subfield code="a">[الطبعة الشعبية]</subfield></datafield><datafield ind1=" " ind2="1" tag="264"><subfield code="6">880-03</subfield><subfield code="a">Laydan</subfield><subfield code="b">Brīll</subfield><subfield code="c">1984</subfield></datafield><datafield ind1=" " ind2="1" tag="880"><subfield code="6">264-03/(3/r</subfield><subfield code="a">ليدن</subfield><subfield code="b">بريل</subfield><subfield code="c">1984</subfield></datafield><datafield ind1=" " ind2=" " tag="300"><subfield code="a">708 p.</subfield><subfield code="c">24 cm</subfield></datafield><datafield ind1=" " ind2=" " tag="336"><subfield code="b">txt</subfield><subfield code="2">rdacontent</subfield></datafield><datafield ind1=" " ind2=" " tag="337"><subfield code="b">n</subfield><subfield code="2">rdamedia</subfield></datafield><datafield ind1=" " ind2=" " tag="338"><subfield code="b">nc</subfield><subfield code="2">rdacarrier</subfield></datafield><datafield ind1="1" ind2=" " tag="700"><subfield code="6">880-04</subfield><subfield code="a">Mahdi, Muhsin</subfield><subfield code="d">1926-2007</subfield><subfield code="0">(IDREF)032874421</subfield></datafield><datafield ind1="1" ind2=" " tag="880"><subfield code="6">700-04/(3/r</subfield><subfield code="a">مهدي، محسن</subfield></datafield><datafield ind1="0" ind2=" " tag="730"><subfield code="a">Mille et une nuits</subfield><subfield code="l">Arabe</subfield></datafield><datafield ind1=" " ind2=" " tag="900"><subfield code="a">REROnoselfmerge</subfield></datafield></record>
</metadata></record>