<record><header><identifier>oai:alma.41SLSP_UGE:991000022609705502</identifier><datestamp>2023-03-01T01:08:49Z</datestamp><setSpec>uge_bcen_RapidILL_BOOK</setSpec><setSpec>uge_aaca_RapidILL_BOOK</setSpec><setSpec>uge_abels_RapidILL_BOOK</setSpec><setSpec>uge_dbu_RapidILL_BOOK</setSpec><setSpec>uge_cmu_RapidILL_BOOK</setSpec><setSpec>uge_mail_RapidILL_BOOK</setSpec><setSpec>UNIGE_ALL</setSpec><setSpec>uge_abbat_RapidILL_BOOK</setSpec><setSpec>uge_aobs_RapidILL_BOOK</setSpec><setSpec>uge_acar_RapidILL_BOOK</setSpec></header><metadata>
<record xmlns="http://www.loc.gov/MARC21/slim" xmlns:xsi="http://www.w3.org/2001/XMLSchema-instance" xsi:schemaLocation="http://www.loc.gov/MARC21/slim http://www.loc.gov/standards/marcxml/schema/MARC21slim.xsd"><leader>02259nam a2200349 c 4500</leader><controlfield tag="001">991000022609705502</controlfield><controlfield tag="005">20230210183250.0</controlfield><controlfield tag="008">091012s2009    fr ||||| |||| 00| ||fre d</controlfield><datafield ind1=" " ind2=" " tag="020"><subfield code="a">9782840506447</subfield></datafield><datafield ind1="7" ind2=" " tag="024"><subfield code="a">http://catalogue.bnf.fr/ark:/12148/cb41428054k</subfield><subfield code="2">uri</subfield></datafield><datafield ind1=" " ind2=" " tag="035"><subfield code="a">(swissbib)108514145-41slsp_network</subfield></datafield><datafield ind1=" " ind2=" " tag="035"><subfield code="a">108514145</subfield><subfield code="9">ExL</subfield></datafield><datafield ind1=" " ind2=" " tag="035"><subfield code="a">(RERO)R005186273-41slsp</subfield></datafield><datafield ind1=" " ind2=" " tag="035"><subfield code="a">(EXLNZ-41SLSP_NETWORK)991089020769705501</subfield></datafield><datafield ind1=" " ind2=" " tag="040"><subfield code="a">RERO labcud</subfield><subfield code="d">CH-ZuSLS</subfield></datafield><datafield ind1=" " ind2="7" tag="072"><subfield code="a">pe</subfield><subfield code="2">rero</subfield></datafield><datafield ind1="1" ind2=" " tag="100"><subfield code="a">Manzo, Gianluca</subfield><subfield code="d">1978-....</subfield><subfield code="0">(IDREF)103822593</subfield><subfield code="4">cre</subfield></datafield><datafield ind1="1" ind2="0" tag="245"><subfield code="a">&lt;&lt;La&gt;&gt; spirale des inégalités</subfield><subfield code="b">choix scolaires en France et en Italie au XXe siècle</subfield><subfield code="c">Gianluca Manzo</subfield></datafield><datafield ind1=" " ind2="1" tag="264"><subfield code="a">Paris</subfield><subfield code="b">Presses de l'Univ. Paris-Sorbonne</subfield><subfield code="c">2009</subfield></datafield><datafield ind1=" " ind2=" " tag="300"><subfield code="a">335 p.</subfield><subfield code="b">ill.</subfield></datafield><datafield ind1=" " ind2=" " tag="336"><subfield code="b">txt</subfield><subfield code="2">rdacontent</subfield></datafield><datafield ind1=" " ind2=" " tag="337"><subfield code="b">n</subfield><subfield code="2">rdamedia</subfield></datafield><datafield ind1=" " ind2=" " tag="338"><subfield code="b">nc</subfield><subfield code="2">rdacarrier</subfield></datafield><datafield ind1="0" ind2=" " tag="490"><subfield code="a">L'intelligence du social</subfield></datafield><datafield ind1=" " ind2=" " tag="504"><subfield code="a">Bibliogr. : p. 265-313. Index</subfield></datafield><datafield ind1="8" ind2=" " tag="520"><subfield code="a">La Spirale des inégalités analyse de façon empirique les inégalités scolaires en France et en Italie dans les années quatre-vingt dix et, plus généralement, au cours du XXe siècle. S'il décrit leur structure dans le temps, l'ouvrage essaie aussi d'en proposer une explication. Contraintes socioculturelles, valeur marchande des diplômes, raisonnements coût-bénéfice et interactions sociales rendent compte de la genèse des inégalités scolaires. Une simulation multi-agents construit des sociétés virtuelles contenant ces différents mécanismes. L'analyse de ces microcosmes artificiels montre comment un réseau social ségrégué peut amplifier progressivement les différences initiales entre les groupes en termes de ressources, de préférences et de réussite. La Spirale des inégalités livre une combinaison originale et ambitieuse de ce qu'il est convenu d'appeler sociologie analytique, sociologie quantitative, sociologie mathématique et sociologie computationnelle</subfield><subfield code="5">RERO/njhep-/09.2011</subfield></datafield><datafield ind1=" " ind2="7" tag="650"><subfield code="a">Inégalité sociale</subfield><subfield code="0">(IDREF)050547496</subfield><subfield code="2">idref</subfield></datafield><datafield ind1=" " ind2="7" tag="650"><subfield code="a">Sociologie</subfield><subfield code="0">(IDREF)049647490</subfield><subfield code="2">idref</subfield></datafield><datafield ind1=" " ind2="7" tag="650"><subfield code="a">20e siècle</subfield><subfield code="0">(IDREF)086305646</subfield><subfield code="2">idref</subfield></datafield><datafield ind1=" " ind2="7" tag="650"><subfield code="a">Écoles</subfield><subfield code="0">(IDREF)02743902X</subfield><subfield code="2">idref</subfield></datafield><datafield ind1=" " ind2="7" tag="651"><subfield code="a">France</subfield><subfield code="0">(IDREF)027226794</subfield><subfield code="2">idref</subfield></datafield><datafield ind1=" " ind2="7" tag="651"><subfield code="a">Italie</subfield><subfield code="0">(IDREF)027235408</subfield><subfield code="2">idref</subfield></datafield><datafield ind1=" " ind2=" " tag="900"><subfield code="a">REROnoselfmerge</subfield></datafield></record>
</metadata></record>