<record><header><identifier>oai:alma.41SLSP_UGE:991000021979705502</identifier><datestamp>2024-09-28T00:24:05Z</datestamp><setSpec>uge_bcen_RapidILL_BOOK</setSpec><setSpec>uge_aaca_RapidILL_BOOK</setSpec><setSpec>uge_abels_RapidILL_BOOK</setSpec><setSpec>uge_dbu_RapidILL_BOOK</setSpec><setSpec>uge_cmu_RapidILL_BOOK</setSpec><setSpec>uge_mail_RapidILL_BOOK</setSpec><setSpec>uge_abbat_RapidILL_BOOK</setSpec><setSpec>UNIGE_ALL</setSpec><setSpec>uge_aobs_RapidILL_BOOK</setSpec><setSpec>uge_acar_RapidILL_BOOK</setSpec></header><metadata>
<record xmlns="http://www.loc.gov/MARC21/slim" xmlns:xsi="http://www.w3.org/2001/XMLSchema-instance" xsi:schemaLocation="http://www.loc.gov/MARC21/slim http://www.loc.gov/standards/marcxml/schema/MARC21slim.xsd"><leader>02627nam a2200625 c 4500</leader><controlfield tag="001">991000021979705502</controlfield><controlfield tag="005">20240927125251.0</controlfield><controlfield tag="008">201011t19861986it ||||| |||| 10| ||eng d</controlfield><datafield ind1=" " ind2=" " tag="020"><subfield code="a">8870625893</subfield></datafield><datafield ind1=" " ind2=" " tag="035"><subfield code="a">(swissbib)228086280-41slsp_network</subfield></datafield><datafield ind1=" " ind2=" " tag="035"><subfield code="a">228086280</subfield><subfield code="9">ExL</subfield></datafield><datafield ind1=" " ind2=" " tag="035"><subfield code="a">(RERO)0924808-41slsp</subfield></datafield><datafield ind1=" " ind2=" " tag="035"><subfield code="a">(IDSLU)000142995ILU01</subfield></datafield><datafield ind1=" " ind2=" " tag="035"><subfield code="a">(NEBIS)007682055EBI01</subfield></datafield><datafield ind1=" " ind2=" " tag="035"><subfield code="a">(IDSBB)000240347DSV01</subfield></datafield><datafield ind1=" " ind2=" " tag="035"><subfield code="a">(EXLNZ-41SLSP_NETWORK)991105871469705501</subfield></datafield><datafield ind1=" " ind2=" " tag="040"><subfield code="a">RERO labcud</subfield><subfield code="d">CH-ZuSLS</subfield></datafield><datafield ind1="0" ind2=" " tag="041"><subfield code="a">eng</subfield><subfield code="a">ita</subfield></datafield><datafield ind1=" " ind2="7" tag="072"><subfield code="a">et</subfield><subfield code="2">rero</subfield></datafield><datafield ind1=" " ind2="7" tag="072"><subfield code="a">710</subfield><subfield code="2">IDS LU</subfield></datafield><datafield ind1=" " ind2="7" tag="072"><subfield code="a">et</subfield><subfield code="2">SzZuIDS BS/BE</subfield></datafield><datafield ind1=" " ind2="7" tag="072"><subfield code="a">sz</subfield><subfield code="2">SzZuIDS BS/BE</subfield></datafield><datafield ind1="1" ind2="4" tag="082"><subfield code="a">300</subfield><subfield code="2">15</subfield></datafield><datafield ind1=" " ind2=" " tag="084"><subfield code="a">6,24</subfield><subfield code="2">ssgn</subfield></datafield><datafield ind1=" " ind2=" " tag="084"><subfield code="a">BE 2650</subfield><subfield code="2">rvk</subfield></datafield><datafield ind1=" " ind2=" " tag="084"><subfield code="a">NG 1650</subfield><subfield code="2">rvk</subfield></datafield><datafield ind1="0" ind2="0" tag="245"><subfield code="a">Transition rites</subfield><subfield code="b">cosmic, social and individual order : proceedings of the Finnish-Swedish-Italian Seminar held at the University of Roma &quot;La Sapienza&quot;, 24th-28th March 1984 = I riti di passaggio : ordine cosmico, sociale, individuale : atti del Seminario italo-finno-svedese tenuto all'Università di Roma &quot;La Sapienza&quot;, 24-28 marzo 1984</subfield><subfield code="c">a cura di UgoBianchi</subfield></datafield><datafield ind1="1" ind2=" " tag="246"><subfield code="a">Riti di passaggio</subfield></datafield><datafield ind1="1" ind2="1" tag="246"><subfield code="a">&lt;&lt;I&gt;&gt; riti di passaggio</subfield><subfield code="b">ordine cosmico, sociale, individuale</subfield></datafield><datafield ind1="1" ind2=" " tag="246"><subfield code="a">&lt;&lt;I&gt;&gt; riti di passaggio</subfield></datafield><datafield ind1=" " ind2="1" tag="264"><subfield code="a">Roma</subfield><subfield code="b">&quot;L'Erma&quot; di Bretschneider</subfield><subfield code="c">[1986]</subfield></datafield><datafield ind1=" " ind2="4" tag="264"><subfield code="c">© 1986</subfield></datafield><datafield ind1=" " ind2=" " tag="300"><subfield code="a">XV, 269 p.</subfield><subfield code="b">ill.</subfield><subfield code="c">24 cm</subfield></datafield><datafield ind1=" " ind2=" " tag="336"><subfield code="b">txt</subfield><subfield code="2">rdacontent</subfield></datafield><datafield ind1=" " ind2=" " tag="337"><subfield code="b">n</subfield><subfield code="2">rdamedia</subfield></datafield><datafield ind1=" " ind2=" " tag="338"><subfield code="b">nc</subfield><subfield code="2">rdacarrier</subfield></datafield><datafield ind1="1" ind2=" " tag="490"><subfield code="a">Storia delle religioni</subfield><subfield code="v">2</subfield></datafield><datafield ind1=" " ind2=" " tag="500"><subfield code="a">Text englisch und italienisch</subfield></datafield><datafield ind1=" " ind2="7" tag="650"><subfield code="a">Weltanschauung</subfield><subfield code="0">(IDREF)028142527</subfield><subfield code="2">idref</subfield></datafield><datafield ind1=" " ind2="7" tag="650"><subfield code="a">Rites d'initiation</subfield><subfield code="0">(IDREF)027566056</subfield><subfield code="2">idref</subfield></datafield><datafield ind1=" " ind2="7" tag="650"><subfield code="a">Rites de passage</subfield><subfield code="0">(IDREF)03209115X</subfield><subfield code="2">idref</subfield></datafield><datafield ind1=" " ind2="7" tag="650"><subfield code="a">Übergangsritus</subfield><subfield code="v">Kongressbericht</subfield><subfield code="2">idsbb</subfield></datafield><datafield ind1=" " ind2="7" tag="655"><subfield code="a">Actes de congrès</subfield><subfield code="0">(IDREF)02886431X</subfield><subfield code="2">idref</subfield></datafield><datafield ind1=" " ind2="7" tag="655"><subfield code="a">Konferenzschrift</subfield><subfield code="z">Roma</subfield><subfield code="y">1984</subfield><subfield code="2">gnd-content</subfield></datafield><datafield ind1=" " ind2="7" tag="655"><subfield code="a">Konferenzschrift</subfield><subfield code="z">Rom</subfield><subfield code="y">1984</subfield><subfield code="2">gnd-content</subfield></datafield><datafield ind1=" " ind2=" " tag="690"><subfield code="a">Uebergangsriten. A. Aufsätze</subfield><subfield code="2">rzs-L1</subfield></datafield><datafield ind1=" " ind2=" " tag="690"><subfield code="a">Symbole, B: Uebergangsriten</subfield><subfield code="2">rzs-L1</subfield></datafield><datafield ind1=" " ind2=" " tag="690"><subfield code="a">Riten, B: Uebergangsriten</subfield><subfield code="2">rzs-L1</subfield></datafield><datafield ind1="1" ind2=" " tag="700"><subfield code="a">Bianchi, Ugo</subfield><subfield code="d">1922-1995</subfield><subfield code="0">(DE-588)119287625</subfield><subfield code="6">880-02</subfield></datafield><datafield ind1="1" ind2=" " tag="880"><subfield code="a">Bianchi, Ugo</subfield><subfield code="0">(RERO)A003004026</subfield><subfield code="6">700-02</subfield></datafield><datafield ind1="2" ind2=" " tag="710"><subfield code="a">Università di Roma</subfield><subfield code="b">Seminario italo-finno-svedese</subfield><subfield code="d">1984</subfield><subfield code="c">Roma</subfield><subfield code="0">(RERO)A012484209</subfield></datafield><datafield ind1="2" ind2=" " tag="711"><subfield code="a">Finnish-Swedish-Italian Seminar</subfield><subfield code="0">(DE-588)1091823049</subfield></datafield><datafield ind1=" " ind2=" " tag="830"><subfield code="a">Storia delle religioni</subfield><subfield code="p">&quot;L'Erma&quot; di Bretschneider</subfield><subfield code="v">2</subfield><subfield code="w">(RERO)0825883-41slsp</subfield></datafield><datafield ind1=" " ind2=" " tag="830"><subfield code="a">Storia delle religioni</subfield><subfield code="v">2</subfield><subfield code="w">(IDSBB)000240355DSV01</subfield></datafield><datafield ind1=" " ind2=" " tag="830"><subfield code="a">Storia delle religioni</subfield><subfield code="v">2</subfield><subfield code="w">(NEBIS)001003311EBI01</subfield></datafield><datafield ind1=" " ind2=" " tag="900"><subfield code="a">REROnoselfmerge</subfield></datafield></record>
</metadata></record>