<record><header><identifier>oai:alma.41SLSP_UGE:991000022189705502</identifier><datestamp>2023-06-27T00:14:22Z</datestamp><setSpec>uge_bcen_RapidILL_BOOK</setSpec><setSpec>uge_aaca_RapidILL_BOOK</setSpec><setSpec>uge_abels_RapidILL_BOOK</setSpec><setSpec>uge_dbu_RapidILL_BOOK</setSpec><setSpec>uge_cmu_RapidILL_BOOK</setSpec><setSpec>uge_mail_RapidILL_BOOK</setSpec><setSpec>uge_abbat_RapidILL_BOOK</setSpec><setSpec>UNIGE_ALL</setSpec><setSpec>uge_aobs_RapidILL_BOOK</setSpec><setSpec>uge_acar_RapidILL_BOOK</setSpec></header><metadata>
<record xmlns="http://www.loc.gov/MARC21/slim" xmlns:xsi="http://www.w3.org/2001/XMLSchema-instance" xsi:schemaLocation="http://www.loc.gov/MARC21/slim http://www.loc.gov/standards/marcxml/schema/MARC21slim.xsd"><leader>05064nam a22007217c 4500</leader><controlfield tag="001">991000022189705502</controlfield><controlfield tag="005">20230625134516.0</controlfield><controlfield tag="008">201011s2000    gw ||||| |||| 01| ||ger d</controlfield><datafield ind1=" " ind2=" " tag="015"><subfield code="a">GFR-CIP-00,N26</subfield><subfield code="a">DNB-00,N26,0547</subfield></datafield><datafield ind1="7" ind2=" " tag="016"><subfield code="a">959154930</subfield><subfield code="2">GyFmDB</subfield></datafield><datafield ind1=" " ind2=" " tag="020"><subfield code="a">3631359306</subfield><subfield code="c">brosch. : ca. DM 98.00 (freier Pr.)</subfield></datafield><datafield ind1=" " ind2=" " tag="035"><subfield code="a">(swissbib)230790372-41slsp_network</subfield></datafield><datafield ind1=" " ind2=" " tag="035"><subfield code="a">230790372</subfield><subfield code="9">ExL</subfield></datafield><datafield ind1=" " ind2=" " tag="035"><subfield code="a">(RERO)R003008937-41slsp</subfield></datafield><datafield ind1=" " ind2=" " tag="035"><subfield code="a">(NEBIS)003916790EBI01</subfield></datafield><datafield ind1=" " ind2=" " tag="035"><subfield code="a">(IDSBB)002081282DSV01</subfield></datafield><datafield ind1=" " ind2=" " tag="035"><subfield code="a">(IDSSG)000226052HSB01</subfield></datafield><datafield ind1=" " ind2=" " tag="035"><subfield code="a">(EXLNZ-41SLSP_NETWORK)991005188519705501</subfield></datafield><datafield ind1=" " ind2=" " tag="040"><subfield code="a">RERO frbcuc</subfield><subfield code="d">CH-ZuSLS</subfield></datafield><datafield ind1=" " ind2="7" tag="072"><subfield code="a">bt</subfield><subfield code="2">rero</subfield></datafield><datafield ind1=" " ind2="7" tag="072"><subfield code="a">gw</subfield><subfield code="2">SzZuIDS BS/BE</subfield></datafield><datafield ind1=" " ind2=" " tag="084"><subfield code="a">3,5</subfield><subfield code="2">ssgn</subfield></datafield><datafield ind1=" " ind2=" " tag="084"><subfield code="a">EC 1090</subfield><subfield code="2">rvk</subfield></datafield><datafield ind1=" " ind2=" " tag="084"><subfield code="a">GB 1825</subfield><subfield code="2">rvk</subfield></datafield><datafield ind1="0" ind2="0" tag="245"><subfield code="a">&lt;&lt;Die&gt;&gt; Struktur medialer Revolutionen</subfield><subfield code="b">Festschrift für Georg Jäger</subfield><subfield code="c">hrsg. von Sven Hanuschek ... ...</subfield></datafield><datafield ind1=" " ind2="1" tag="264"><subfield code="a">Frankfurt am Main [etc.]</subfield><subfield code="b">P. Lang</subfield><subfield code="c">[2000]</subfield></datafield><datafield ind1=" " ind2="4" tag="264"><subfield code="c">© 2000</subfield></datafield><datafield ind1=" " ind2=" " tag="300"><subfield code="a">313 S.</subfield><subfield code="c">21 cm</subfield></datafield><datafield ind1=" " ind2=" " tag="336"><subfield code="b">txt</subfield><subfield code="2">rdacontent</subfield></datafield><datafield ind1=" " ind2=" " tag="337"><subfield code="b">n</subfield><subfield code="2">rdamedia</subfield></datafield><datafield ind1=" " ind2=" " tag="338"><subfield code="b">nc</subfield><subfield code="2">rdacarrier</subfield></datafield><datafield ind1="1" ind2=" " tag="490"><subfield code="a">Münchener Studien zur literarischen Kultur in Deutschland</subfield><subfield code="v">Bd. 34</subfield></datafield><datafield ind1="1" ind2="7" tag="600"><subfield code="a">Jäger, Georg</subfield><subfield code="2">idszbz</subfield></datafield><datafield ind1="1" ind2="7" tag="600"><subfield code="a">Jäger, Georg</subfield><subfield code="d">1940-</subfield><subfield code="0">(DE-588)122276361</subfield><subfield code="2">gnd</subfield></datafield><datafield ind1=" " ind2="7" tag="650"><subfield code="a">Société</subfield><subfield code="0">(IDREF)269230165</subfield><subfield code="2">idref</subfield></datafield><datafield ind1=" " ind2="7" tag="650"><subfield code="a">Technologie</subfield><subfield code="0">(IDREF)027257215</subfield><subfield code="2">idref</subfield></datafield><datafield ind1=" " ind2="7" tag="650"><subfield code="a">Médias</subfield><subfield code="0">(IDREF)027237524</subfield><subfield code="2">idref</subfield></datafield><datafield ind1=" " ind2="7" tag="650"><subfield code="a">Buch</subfield><subfield code="2">idszbz</subfield></datafield><datafield ind1=" " ind2="7" tag="650"><subfield code="a">Deutsch</subfield><subfield code="2">idszbz</subfield></datafield><datafield ind1=" " ind2="7" tag="650"><subfield code="a">Literatur</subfield><subfield code="2">idszbz</subfield></datafield><datafield ind1=" " ind2="7" tag="650"><subfield code="a">Internet</subfield><subfield code="0">(DE-588)4308416-3</subfield><subfield code="2">gnd</subfield></datafield><datafield ind1=" " ind2="7" tag="650"><subfield code="a">Lesen</subfield><subfield code="0">(DE-588)4035439-8</subfield><subfield code="2">gnd</subfield></datafield><datafield ind1=" " ind2="7" tag="650"><subfield code="a">Literatur</subfield><subfield code="0">(DE-588)4035964-5</subfield><subfield code="2">gnd</subfield></datafield><datafield ind1=" " ind2="0" tag="650"><subfield code="a">Mass media</subfield><subfield code="x">Technological innovations</subfield></datafield><datafield ind1=" " ind2="7" tag="650"><subfield code="a">Buch</subfield><subfield code="0">(DE-588)4008570-3</subfield><subfield code="2">gnd</subfield></datafield><datafield ind1=" " ind2="7" tag="655"><subfield code="a">[Études diverses]</subfield><subfield code="0">(RERO)A022249905</subfield><subfield code="2">rero</subfield></datafield><datafield ind1=" " ind2="7" tag="655"><subfield code="a">Aufsatzsammlung</subfield><subfield code="2">idszbz</subfield></datafield><datafield ind1=" " ind2="7" tag="655"><subfield code="a">Bibliographie</subfield><subfield code="2">idszbz</subfield></datafield><datafield ind1=" " ind2="7" tag="655"><subfield code="a">Festschrift</subfield><subfield code="2">gnd-content</subfield></datafield><datafield ind1=" " ind2="7" tag="655"><subfield code="a">Bibliografie</subfield><subfield code="2">gnd-content</subfield></datafield><datafield ind1=" " ind2="7" tag="655"><subfield code="a">Aufsatzsammlung</subfield><subfield code="2">gnd-content</subfield></datafield><datafield ind1=" " ind2=" " tag="690"><subfield code="a">Buch; Medium; Literatur; Jäger; Internet; Theologie; Ästhetik; Revolution; ANG; Bayer; Becker; Fischer; Kirsten; Langenscheidt; Luftverunreinigung; Perthes; Schrift; Spiegel; Vogel; Wolfram; Kommunikationstheorie; Experiment; Faksimile; Presse; Struktur; Friedrich; Löffel; Programm; Verzeichnis; Archiv; Autor; Beobachtung; Bibliothek; Buchhandel; Fiktion; Forschung; Förderung; Instanz; Jagd; Operation; Ordnung; Steindruck; Tradition; Verlag; Verlagsgewerbe; psychische Störung; Argument; Artikel; Austausch; Börsenverein; Fremder; Gelehrter; Gesellschaft; Kulturgut; Lernen; Lesen; Markt; Organisation; Riese; Rüsten Einrichten; Wahl; Werk; Agent; Appetit; Ausland; Fest; Gutenberg; Heimat; Licht; Neuzeit; Sozialisation; Sprache; Utopie; Wahrheit</subfield><subfield code="2">idssg-J</subfield></datafield><datafield ind1=" " ind2=" " tag="690"><subfield code="a">Buchwissenschaft; E-Pressespiegel; Festschrift; Heinz-Elmar; Kommunikationskultur; Künstlerbuch; Leseförderung; P-Pressespiegel; Publikumsverlag; Ausgangspunkt; Buchmarkt; Dichtwerk; Funktionssystem; Gutenbergdenkmal; Lesesozialisation; Mediengesellschaft; Medienumbruch; Nebenartikel; Pressendruck; Prinzregentenzeit; Selbstverständnis; Streiflicht; Systemsprache; Textwahl; Treffpunkt; Ungleichzeitigkeit</subfield><subfield code="2">idssg-J</subfield></datafield><datafield ind1=" " ind2=" " tag="690"><subfield code="a">anderes Medium; de-identifikatorische Ästhetik; digitales Zeitalter; frankfurter Gutenbergdenkmal; frühe Neuzeit; goldener Löffel; guter Appetit; hervorragender Gelehrter; innerer Ausgangspunkt; intersubjektive Prämisse; konstruktivistische Kommunikationstheorie; leipziger Platz; mediale Revolution; neue Kommunikationskultur; operative Fiktion; prototypisches Problem; sozialistischer Idealist; theologischer Verleger; zweite Ordnung</subfield><subfield code="2">idssg-J</subfield></datafield><datafield ind1=" " ind2=" " tag="690"><subfield code="a">DDR C4EUGE</subfield><subfield code="2">idssg-J</subfield></datafield><datafield ind1=" " ind2=" " tag="690"><subfield code="a">Alf Christophersen; Andrea Meyer; Big Brother; Bodo Franzmann; Ernst Fischer; Ferdinand Melichar; Florian Langenscheidt; Friedrich Perthes; Funktionssystem Essen Ost West; Georg Jägers; Günther Fetzer; Heinrich Becker; Heinz-Elmar Tenorth; Hermann Staub; Herr Semerau; Jürgen Hespe; Kirsten Steffen Rea; Kirsten Steffen Rea Triyandafilidis PETER ANG; Klaus Konopizky; Konrad Bayer; Michael Backes; Michael Giesecke; Monika Estermann; Nikolai Vogel; Nina Ort; Non- Books; Norbert Groeben; Oliver Jahraus; Oswald Wieners; Peter ANG; Reinhard Wittmann; Siegfried J. Schmidt; Stephan FOssel; Sven Hanuschek; Tabula Gratulatoria; Ursula Rautenberg; W. Robert Müller; Wolfram Göbel</subfield><subfield code="2">idssg-J</subfield></datafield><datafield ind1="1" ind2=" " tag="700"><subfield code="a">Jäger, Georg</subfield><subfield code="d">1940-</subfield><subfield code="0">(DE-588)122276361</subfield><subfield code="6">880-02</subfield></datafield><datafield ind1="1" ind2=" " tag="880"><subfield code="a">Jäger, Georg</subfield><subfield code="d">1940-</subfield><subfield code="0">(RERO)A027444345</subfield><subfield code="6">700-02</subfield></datafield><datafield ind1="1" ind2=" " tag="700"><subfield code="a">Hanuschek, Sven</subfield><subfield code="d">1964-</subfield><subfield code="0">(DE-588)120861917</subfield><subfield code="6">880-03</subfield></datafield><datafield ind1="1" ind2=" " tag="880"><subfield code="6">700-03</subfield><subfield code="a">Hanuschek, Sven</subfield><subfield code="d">1964-....</subfield><subfield code="0">(IDREF)072289457</subfield></datafield><datafield ind1="4" ind2=" " tag="856"><subfield code="3">Inhaltsverzeichnis</subfield><subfield code="u">http://www.ub.unibas.ch/tox/HBZ/HT012791910/PDF</subfield><subfield code="q">pdf</subfield></datafield><datafield ind1=" " ind2="0" tag="830"><subfield code="a">Münchener Studien zur literarischen Kultur in Deutschland</subfield><subfield code="v">34</subfield><subfield code="w">(NEBIS)000999500EBI01</subfield></datafield><datafield ind1=" " ind2=" " tag="900"><subfield code="a">IDSZ2zbzmon200009f</subfield><subfield code="c">IDSZ2matti</subfield><subfield code="d">IDSZ2zbzswk200105b</subfield><subfield code="e">IDSZ2boxm</subfield></datafield><datafield ind1=" " ind2=" " tag="949"><subfield code="a">http://www.ub.unibas.ch/tox/HBZ/HT012791910/PDF</subfield></datafield></record>
</metadata></record>