<record><header><identifier>oai:alma.41SLSP_UGE:991000022419705502</identifier><datestamp>2023-03-01T01:08:49Z</datestamp><setSpec>uge_bcen_RapidILL_BOOK</setSpec><setSpec>uge_aaca_RapidILL_BOOK</setSpec><setSpec>uge_abels_RapidILL_BOOK</setSpec><setSpec>uge_dbu_RapidILL_BOOK</setSpec><setSpec>uge_cmu_RapidILL_BOOK</setSpec><setSpec>uge_mail_RapidILL_BOOK</setSpec><setSpec>UNIGE_ALL</setSpec><setSpec>uge_abbat_RapidILL_BOOK</setSpec><setSpec>uge_aobs_RapidILL_BOOK</setSpec><setSpec>uge_acar_RapidILL_BOOK</setSpec></header><metadata>
<record xmlns="http://www.loc.gov/MARC21/slim" xmlns:xsi="http://www.w3.org/2001/XMLSchema-instance" xsi:schemaLocation="http://www.loc.gov/MARC21/slim http://www.loc.gov/standards/marcxml/schema/MARC21slim.xsd"><leader>01241nam a2200289 c 4500</leader><controlfield tag="001">991000022419705502</controlfield><controlfield tag="005">20230116181709.0</controlfield><controlfield tag="008">100204m199393uuxx ||||| |||| 00| ||und d</controlfield><datafield ind1=" " ind2=" " tag="020"><subfield code="a">2906483761</subfield></datafield><datafield ind1=" " ind2=" " tag="035"><subfield code="a">(swissbib)109961366-41slsp_network</subfield></datafield><datafield ind1=" " ind2=" " tag="035"><subfield code="a">109961366</subfield><subfield code="9">ExL</subfield></datafield><datafield ind1=" " ind2=" " tag="035"><subfield code="a">(RERO)R005384070-41slsp</subfield></datafield><datafield ind1=" " ind2=" " tag="035"><subfield code="a">(EXLNZ-41SLSP_NETWORK)991080031499705501</subfield></datafield><datafield ind1=" " ind2=" " tag="040"><subfield code="a">FRBNF</subfield><subfield code="d">CH-ZuSLS</subfield></datafield><datafield ind1="0" ind2=" " tag="041"><subfield code="a">spa</subfield><subfield code="a">fre</subfield></datafield><datafield ind1=" " ind2="7" tag="072"><subfield code="a">es</subfield><subfield code="2">rero</subfield></datafield><datafield ind1="0" ind2="0" tag="245"><subfield code="a">José Martínez Ruiz (Azorín)</subfield><subfield code="b">actes du premier colloque international, Faculté des lettres et des sciences humaines, Pau, 25 et 26 avril 1985</subfield></datafield><datafield ind1=" " ind2="1" tag="264"><subfield code="a">[Biarritz]</subfield><subfield code="b">J &amp; D editions</subfield><subfield code="c">1993</subfield></datafield><datafield ind1=" " ind2=" " tag="300"><subfield code="a">410 p</subfield></datafield><datafield ind1=" " ind2=" " tag="336"><subfield code="b">txt</subfield><subfield code="2">rdacontent</subfield></datafield><datafield ind1=" " ind2=" " tag="337"><subfield code="b">n</subfield><subfield code="2">rdamedia</subfield></datafield><datafield ind1=" " ind2=" " tag="338"><subfield code="b">nc</subfield><subfield code="2">rdacarrier</subfield></datafield><datafield ind1=" " ind2=" " tag="500"><subfield code="a">&quot;Placé sous le patronage de l'Institut universitaire de recherche scientifique de l'Université de Pau et des pays de l'Adour et la Caja de Ahorros de Alicante y Murcia.&quot;</subfield></datafield><datafield ind1="0" ind2="7" tag="600"><subfield code="a">Azorín</subfield><subfield code="d">1873-1967</subfield><subfield code="0">(IDREF)027386929</subfield><subfield code="2">idref</subfield></datafield><datafield ind1=" " ind2="7" tag="655"><subfield code="a">Actes de congrès</subfield><subfield code="0">(IDREF)02886431X</subfield><subfield code="2">idref</subfield></datafield><datafield ind1="2" ind2=" " tag="710"><subfield code="a">Caja de ahorros de Alicante y Murcia</subfield><subfield code="g">Espagne</subfield><subfield code="0">(IDREF)027952576</subfield></datafield><datafield ind1="2" ind2=" " tag="710"><subfield code="a">Université de Pau et des Pays de l'Adour</subfield><subfield code="b">Pyrenaica, Département de Recherches Hispaniques</subfield><subfield code="0">(RERO)A012450668</subfield></datafield><datafield ind1=" " ind2=" " tag="900"><subfield code="a">REROnoselfmerge</subfield></datafield><datafield ind1=" " ind2=" " tag="993"><subfield code="a">BFLA 218694</subfield><subfield code="x">ge/ules/d/10/175</subfield><subfield code="9">LOCAL</subfield></datafield></record>
</metadata></record>