<record><header><identifier>oai:alma.41SLSP_UGE:991000022309705502</identifier><datestamp>2024-11-02T01:11:35Z</datestamp><setSpec>uge_bcen_RapidILL_BOOK</setSpec><setSpec>uge_aaca_RapidILL_BOOK</setSpec><setSpec>uge_abels_RapidILL_BOOK</setSpec><setSpec>uge_dbu_RapidILL_BOOK</setSpec><setSpec>uge_cmu_RapidILL_BOOK</setSpec><setSpec>uge_mail_RapidILL_BOOK</setSpec><setSpec>uge_abbat_RapidILL_BOOK</setSpec><setSpec>UNIGE_ALL</setSpec><setSpec>uge_acar_RapidILL_BOOK</setSpec><setSpec>uge_aobs_RapidILL_BOOK</setSpec></header><metadata>
<record xmlns="http://www.loc.gov/MARC21/slim" xmlns:xsi="http://www.w3.org/2001/XMLSchema-instance" xsi:schemaLocation="http://www.loc.gov/MARC21/slim http://www.loc.gov/standards/marcxml/schema/MARC21slim.xsd"><leader>01946nam a2200529 c 4500</leader><controlfield tag="001">991000022309705502</controlfield><controlfield tag="005">20230414202231.0</controlfield><controlfield tag="008">201012s2012    sp ||||| |||| 00| ||spa d</controlfield><datafield ind1=" " ind2=" " tag="020"><subfield code="a">9788430609086</subfield></datafield><datafield ind1=" " ind2=" " tag="020"><subfield code="a">8430609083</subfield></datafield><datafield ind1="7" ind2=" " tag="024"><subfield code="a">http://catalogue.bnf.fr/ark:/12148/cb42699417n</subfield><subfield code="2">uri</subfield></datafield><datafield ind1=" " ind2=" " tag="035"><subfield code="a">(swissbib)235802425-41slsp_network</subfield></datafield><datafield ind1=" " ind2=" " tag="035"><subfield code="a">235802425</subfield><subfield code="9">ExL</subfield></datafield><datafield ind1=" " ind2=" " tag="035"><subfield code="a">(RERO)R007096616-41slsp</subfield></datafield><datafield ind1=" " ind2=" " tag="035"><subfield code="a">(IDSBB)005979317DSV01</subfield></datafield><datafield ind1=" " ind2=" " tag="035"><subfield code="a">(NEBIS)007365848EBI01</subfield></datafield><datafield ind1=" " ind2=" " tag="035"><subfield code="a">(OCoLC)786123924</subfield></datafield><datafield ind1=" " ind2=" " tag="035"><subfield code="a">(EXLNZ-41SLSP_NETWORK)991111989069705501</subfield></datafield><datafield ind1=" " ind2=" " tag="040"><subfield code="a">RERO geulit</subfield><subfield code="d">CH-ZuSLS</subfield></datafield><datafield ind1=" " ind2=" " tag="050"><subfield code="a">PQ</subfield></datafield><datafield ind1=" " ind2="7" tag="072"><subfield code="a">es</subfield><subfield code="2">rero</subfield></datafield><datafield ind1=" " ind2="7" tag="072"><subfield code="a">es</subfield><subfield code="2">SzZuIDS BS/BE</subfield></datafield><datafield ind1="1" ind2=" " tag="080"><subfield code="a">860&quot;19&quot;BAR80</subfield></datafield><datafield ind1="0" ind2="4" tag="082"><subfield code="a">863.6</subfield><subfield code="2">21</subfield></datafield><datafield ind1="0" ind2="4" tag="082"><subfield code="a">863</subfield></datafield><datafield ind1="1" ind2="4" tag="082"><subfield code="a">863</subfield><subfield code="2">21</subfield></datafield><datafield ind1=" " ind2=" " tag="084"><subfield code="a">IP 3323</subfield><subfield code="2">rvk</subfield></datafield><datafield ind1="1" ind2=" " tag="100"><subfield code="a">Mainer, José-Carlos</subfield><subfield code="d">1944-</subfield><subfield code="6">880-01</subfield><subfield code="0">(DE-588)128860391</subfield></datafield><datafield ind1="1" ind2=" " tag="880"><subfield code="6">100-01</subfield><subfield code="a">Mainer Baqué, José-Carlos</subfield><subfield code="d">1944-....</subfield><subfield code="0">(IDREF)028361628</subfield><subfield code="4">cre</subfield></datafield><datafield ind1="1" ind2="0" tag="245"><subfield code="a">Pío Baroja</subfield><subfield code="c">José-Carlos Mainer</subfield></datafield><datafield ind1=" " ind2="1" tag="264"><subfield code="a">Madrid</subfield><subfield code="b">Taurus</subfield><subfield code="b">Fundación Juan March</subfield><subfield code="c">2012</subfield></datafield><datafield ind1=" " ind2=" " tag="300"><subfield code="a">455, [14] p. de pl.</subfield><subfield code="b">portr., fac-sim.</subfield></datafield><datafield ind1=" " ind2=" " tag="336"><subfield code="b">txt</subfield><subfield code="2">rdacontent</subfield></datafield><datafield ind1=" " ind2=" " tag="337"><subfield code="b">n</subfield><subfield code="2">rdamedia</subfield></datafield><datafield ind1=" " ind2=" " tag="338"><subfield code="b">nc</subfield><subfield code="2">rdacarrier</subfield></datafield><datafield ind1="1" ind2=" " tag="490"><subfield code="a">Españoles eminentes</subfield></datafield><datafield ind1="1" ind2="7" tag="600"><subfield code="a">Baroja, Pío</subfield><subfield code="d">1872-1956</subfield><subfield code="0">(IDREF)026649322</subfield><subfield code="2">idref</subfield></datafield><datafield ind1="1" ind2="7" tag="600"><subfield code="a">Baroja, Pío</subfield><subfield code="d">1872-1956</subfield><subfield code="0">(DE-588)118657313</subfield><subfield code="2">gnd</subfield></datafield><datafield ind1="1" ind2="4" tag="600"><subfield code="a">Baroja, Pío</subfield><subfield code="d">1872-1956</subfield><subfield code="x">Biografía</subfield></datafield><datafield ind1="1" ind2="7" tag="600"><subfield code="a">Baroja, Pío</subfield><subfield code="d">1872-1956</subfield><subfield code="2">embne</subfield></datafield><datafield ind1="1" ind2="0" tag="600"><subfield code="a">Baroja, Pío</subfield><subfield code="d">1872-1956</subfield><subfield code="x">Biografía</subfield></datafield><datafield ind1="1" ind2="0" tag="600"><subfield code="a">Baroja, Pío</subfield><subfield code="d">1872-1956</subfield></datafield><datafield ind1=" " ind2="0" tag="650"><subfield code="a">Authors, Spanish</subfield><subfield code="v">Biography</subfield></datafield><datafield ind1=" " ind2="7" tag="655"><subfield code="a">Biografie</subfield><subfield code="2">gnd-content</subfield></datafield><datafield ind1="4" ind2=" " tag="856"><subfield code="3">Titelblatt und Inhaltsverzeichnis</subfield><subfield code="u">https://toc.library.ethz.ch/objects/pdf/z01_978-84-306-0908-6_01.pdf</subfield><subfield code="q">pdf</subfield></datafield><datafield ind1=" " ind2="0" tag="830"><subfield code="a">Españoles eminentes</subfield><subfield code="w">(RERO)R007096634-41slsp</subfield></datafield><datafield ind1=" " ind2=" " tag="900"><subfield code="a">IDSZ2zbzmon201212f</subfield><subfield code="c">IDSZ2meyc</subfield><subfield code="d">IDSZ2zbzswk201212b</subfield><subfield code="e">IDSZ2brua</subfield></datafield><datafield ind1=" " ind2=" " tag="949"><subfield code="a">https://toc.library.ethz.ch/objects/pdf/z01_978-84-306-0908-6_01.pdf</subfield></datafield><datafield ind1=" " ind2=" " tag="993"><subfield code="a">BFLA 235772</subfield><subfield code="x">ge/ules/a/12/130</subfield><subfield code="9">LOCAL</subfield></datafield></record>
</metadata></record>