<record><header><identifier>oai:alma.41SLSP_UGE:991000022619705502</identifier><datestamp>2023-08-08T00:33:43Z</datestamp><setSpec>uge_bcen_RapidILL_BOOK</setSpec><setSpec>uge_aaca_RapidILL_BOOK</setSpec><setSpec>uge_abels_RapidILL_BOOK</setSpec><setSpec>uge_dbu_RapidILL_BOOK</setSpec><setSpec>uge_cmu_RapidILL_BOOK</setSpec><setSpec>uge_mail_RapidILL_BOOK</setSpec><setSpec>uge_abbat_RapidILL_BOOK</setSpec><setSpec>UNIGE_ALL</setSpec><setSpec>uge_acar_RapidILL_BOOK</setSpec><setSpec>uge_aobs_RapidILL_BOOK</setSpec></header><metadata>
<record xmlns="http://www.loc.gov/MARC21/slim" xmlns:xsi="http://www.w3.org/2001/XMLSchema-instance" xsi:schemaLocation="http://www.loc.gov/MARC21/slim http://www.loc.gov/standards/marcxml/schema/MARC21slim.xsd"><leader>02619nam a2200577 c 4500</leader><controlfield tag="001">991000022619705502</controlfield><controlfield tag="005">20230807133106.0</controlfield><controlfield tag="008">200330s2019    ua            000 0 fre d</controlfield><datafield ind1=" " ind2=" " tag="020"><subfield code="a">2490128078</subfield></datafield><datafield ind1=" " ind2=" " tag="020"><subfield code="a">9782490128075</subfield></datafield><datafield ind1=" " ind2=" " tag="035"><subfield code="a">(swissbib)126403333-41slsp_network</subfield></datafield><datafield ind1=" " ind2=" " tag="035"><subfield code="a">126403333</subfield><subfield code="9">ExL</subfield></datafield><datafield ind1=" " ind2=" " tag="035"><subfield code="a">(RERO)R009029357-41slsp</subfield></datafield><datafield ind1=" " ind2=" " tag="035"><subfield code="a">(EXLNZ-41SLSP_NETWORK)991006554339705501</subfield></datafield><datafield ind1=" " ind2=" " tag="040"><subfield code="a">ITMUN</subfield><subfield code="b">ita</subfield><subfield code="d">CH-ZuSLS</subfield><subfield code="e">rda</subfield></datafield><datafield ind1=" " ind2="7" tag="072"><subfield code="a">ar</subfield><subfield code="2">rero</subfield></datafield><datafield ind1=" " ind2="7" tag="072"><subfield code="a">ar</subfield><subfield code="2">CH-ZuSLS ubs</subfield></datafield><datafield ind1="1" ind2=" " tag="080"><subfield code="a">904(32):74</subfield></datafield><datafield ind1="7" ind2="4" tag="082"><subfield code="a">900</subfield><subfield code="2">23sdnb</subfield></datafield><datafield ind1="7" ind2="4" tag="082"><subfield code="a">930</subfield><subfield code="2">23sdnb</subfield></datafield><datafield ind1="1" ind2=" " tag="100"><subfield code="6">880-01</subfield><subfield code="a">Guimier-Sorbets, Anne-Marie</subfield><subfield code="d">1948-....</subfield><subfield code="0">(IDREF)026909901</subfield><subfield code="4">aut</subfield></datafield><datafield ind1="1" ind2=" " tag="880"><subfield code="6">100-01/(B</subfield><subfield code="a">Guimier-Sorbets, Anne-Marie</subfield><subfield code="d">1948-</subfield><subfield code="4">aut</subfield><subfield code="0">(DE-588)135833450</subfield></datafield><datafield ind1="1" ind2="0" tag="245"><subfield code="a">Mosaïques d'Alexandrie</subfield><subfield code="b">pavements d'Égypte grecque et romaine</subfield><subfield code="c">Anne-Marie Guimier-Sorbets ; avec la collaboration d'Alain Guimier, Nicolas Morand et Denis Weidmann</subfield></datafield><datafield ind1=" " ind2="1" tag="264"><subfield code="a">Alexandrie</subfield><subfield code="b">Centre d'études alexandrines</subfield><subfield code="c">[2019]</subfield></datafield><datafield ind1=" " ind2="4" tag="264"><subfield code="c">© 2019</subfield></datafield><datafield ind1=" " ind2=" " tag="300"><subfield code="a">259 pages</subfield><subfield code="b">ill.</subfield><subfield code="c">25 cm</subfield></datafield><datafield ind1=" " ind2=" " tag="336"><subfield code="b">txt</subfield><subfield code="2">rdacontent</subfield></datafield><datafield ind1=" " ind2=" " tag="337"><subfield code="b">n</subfield><subfield code="2">rdamedia</subfield></datafield><datafield ind1=" " ind2=" " tag="338"><subfield code="b">nc</subfield><subfield code="2">rdacarrier</subfield></datafield><datafield ind1="1" ind2=" " tag="490"><subfield code="a">Antiquités alexandrines</subfield><subfield code="v">3</subfield></datafield><datafield ind1=" " ind2="7" tag="650"><subfield code="a">Römerzeit</subfield><subfield code="2">gnd</subfield><subfield code="0">(DE-588)4076769-3</subfield></datafield><datafield ind1=" " ind2="7" tag="650"><subfield code="a">Hellenismus</subfield><subfield code="2">gnd</subfield><subfield code="0">(DE-588)4024313-8</subfield></datafield><datafield ind1=" " ind2="7" tag="651"><subfield code="a">Ägypten</subfield><subfield code="g">Altertum</subfield><subfield code="2">gnd</subfield><subfield code="0">(DE-588)4068430-1</subfield></datafield><datafield ind1=" " ind2="7" tag="650"><subfield code="a">Fußbodenmosaik</subfield><subfield code="2">gnd</subfield><subfield code="0">(DE-588)4155746-3</subfield></datafield><datafield ind1=" " ind2="7" tag="648"><subfield code="a">Geschichte 323 v. Chr.-642</subfield><subfield code="2">gnd</subfield></datafield><datafield ind1=" " ind2="7" tag="650"><subfield code="a">Mosaïque antique</subfield><subfield code="0">(IDREF)027414116</subfield><subfield code="2">idref</subfield></datafield><datafield ind1=" " ind2="7" tag="650"><subfield code="a">Pavements de mosaïque</subfield><subfield code="0">(IDREF)027347850</subfield><subfield code="2">idref</subfield></datafield><datafield ind1=" " ind2="7" tag="650"><subfield code="a">Mosaïque romaine</subfield><subfield code="0">(IDREF)028112024</subfield><subfield code="2">idref</subfield></datafield><datafield ind1=" " ind2="7" tag="650"><subfield code="a">Mosaïque grecque</subfield><subfield code="0">(IDREF)028925017</subfield><subfield code="2">idref</subfield></datafield><datafield ind1=" " ind2="7" tag="651"><subfield code="a">Égypte</subfield><subfield code="y">Jusqu'à 640</subfield><subfield code="0">(IDREF)027772195</subfield><subfield code="2">idref</subfield></datafield><datafield ind1=" " ind2="7" tag="651"><subfield code="a">Alexandrie (Égypte)</subfield><subfield code="0">(IDREF)231217161</subfield><subfield code="2">idref</subfield></datafield><datafield ind1=" " ind2="7" tag="651"><subfield code="a">Égypte</subfield><subfield code="y">332 av. J.-C.-640 (période gréco-romaine)</subfield><subfield code="0">(IDREF)027637816</subfield><subfield code="2">idref</subfield></datafield><datafield ind1="1" ind2=" " tag="700"><subfield code="6">880-02</subfield><subfield code="a">Guimier, Alain</subfield><subfield code="d">1950-....</subfield><subfield code="0">(IDREF)033829713</subfield><subfield code="4">ctb</subfield></datafield><datafield ind1="1" ind2=" " tag="880"><subfield code="6">700-02/(B</subfield><subfield code="a">Guimier, Alain</subfield><subfield code="4">ctb</subfield><subfield code="0">(DE-588)1274849810</subfield></datafield><datafield ind1="1" ind2=" " tag="700"><subfield code="6">880-03</subfield><subfield code="a">Weidmann, Denis</subfield><subfield code="d">1945-....</subfield><subfield code="0">(IDREF)151601720</subfield><subfield code="4">ctb</subfield></datafield><datafield ind1="1" ind2=" " tag="880"><subfield code="6">700-03/(B</subfield><subfield code="a">Weidmann, Denis</subfield><subfield code="d">1945-</subfield><subfield code="4">ctb</subfield><subfield code="0">(DE-588)1091098301</subfield></datafield><datafield ind1="1" ind2=" " tag="700"><subfield code="6">880-04</subfield><subfield code="a">Morand, Nicolas</subfield><subfield code="c">archéozoologue</subfield><subfield code="d">19..-....</subfield><subfield code="0">(IDREF)24931021X</subfield><subfield code="4">ctb</subfield></datafield><datafield ind1="1" ind2=" " tag="880"><subfield code="6">700-04/(B</subfield><subfield code="a">Morand, Nicolas</subfield><subfield code="4">ctb</subfield><subfield code="0">(DE-588)1274849896</subfield></datafield><datafield ind1=" " ind2="0" tag="830"><subfield code="a">Antiquités Alexandrines</subfield><subfield code="v">3</subfield><subfield code="w">(RERO)R008163232-41slsp</subfield></datafield><datafield ind1="4" ind2="2" tag="856"><subfield code="3">Indice dei contenuti</subfield><subfield code="q">PDF</subfield><subfield code="u">https://urn.ub.unibe.ch/urn:ch:slsp:9782490128075:ihv:pdf</subfield></datafield><datafield ind1=" " ind2=" " tag="900"><subfield code="a">Stoppsignal FRED</subfield><subfield code="x">UBE/B555/202212</subfield></datafield><datafield ind1=" " ind2=" " tag="949"><subfield code="a">https://urn.ub.unibe.ch/urn:ch:slsp:9782490128075:ihv:pdf</subfield></datafield></record>
</metadata></record>