<record><header><identifier>oai:alma.41SLSP_UGE:991000022429705502</identifier><datestamp>2023-04-11T00:11:18Z</datestamp><setSpec>uge_bcen_RapidILL_BOOK</setSpec><setSpec>uge_aaca_RapidILL_BOOK</setSpec><setSpec>uge_abels_RapidILL_BOOK</setSpec><setSpec>uge_dbu_RapidILL_BOOK</setSpec><setSpec>uge_cmu_RapidILL_BOOK</setSpec><setSpec>uge_mail_RapidILL_BOOK</setSpec><setSpec>uge_abbat_RapidILL_BOOK</setSpec><setSpec>UNIGE_ALL</setSpec><setSpec>uge_acar_RapidILL_BOOK</setSpec><setSpec>uge_aobs_RapidILL_BOOK</setSpec></header><metadata>
<record xmlns="http://www.loc.gov/MARC21/slim" xmlns:xsi="http://www.w3.org/2001/XMLSchema-instance" xsi:schemaLocation="http://www.loc.gov/MARC21/slim http://www.loc.gov/standards/marcxml/schema/MARC21slim.xsd"><leader>01560nam a2200421 c 4500</leader><controlfield tag="001">991000022429705502</controlfield><controlfield tag="005">20230410144041.0</controlfield><controlfield tag="008">201011t19851985xxu||||| |||| 00| ||eng d</controlfield><datafield ind1=" " ind2=" " tag="020"><subfield code="a">0870494538</subfield></datafield><datafield ind1=" " ind2=" " tag="035"><subfield code="a">(swissbib)22587606X-41slsp_network</subfield></datafield><datafield ind1=" " ind2=" " tag="035"><subfield code="a">22587606X</subfield><subfield code="9">ExL</subfield></datafield><datafield ind1=" " ind2=" " tag="035"><subfield code="a">(RERO)0730968-41slsp</subfield></datafield><datafield ind1=" " ind2=" " tag="035"><subfield code="a">(NEBIS)004524631EBI01</subfield></datafield><datafield ind1=" " ind2=" " tag="035"><subfield code="a">(IDSLU)000150371ILU01</subfield></datafield><datafield ind1=" " ind2=" " tag="035"><subfield code="a">(EXLNZ-41SLSP_NETWORK)991140145329705501</subfield></datafield><datafield ind1=" " ind2=" " tag="040"><subfield code="a">RERO geulan</subfield><subfield code="d">CH-ZuSLS</subfield></datafield><datafield ind1=" " ind2="7" tag="072"><subfield code="a">an</subfield><subfield code="2">rero</subfield></datafield><datafield ind1=" " ind2="7" tag="072"><subfield code="a">530</subfield><subfield code="2">IDS LU</subfield></datafield><datafield ind1="0" ind2="4" tag="082"><subfield code="a">820.9001</subfield><subfield code="2">19</subfield></datafield><datafield ind1=" " ind2=" " tag="084"><subfield code="a">HH 1130</subfield><subfield code="2">rvk</subfield></datafield><datafield ind1="0" ind2="0" tag="245"><subfield code="a">&lt;&lt;The&gt;&gt; popular literature of Medieval England</subfield><subfield code="c">ed. by Thomas J. Heffernan</subfield></datafield><datafield ind1=" " ind2="1" tag="264"><subfield code="a">Knoxville</subfield><subfield code="b">Univ. of Tennessee Press</subfield><subfield code="c">[1985]</subfield></datafield><datafield ind1=" " ind2="4" tag="264"><subfield code="c">© 1985</subfield></datafield><datafield ind1=" " ind2=" " tag="300"><subfield code="a">XIV, 330 p.</subfield><subfield code="c">23 cm</subfield></datafield><datafield ind1=" " ind2=" " tag="336"><subfield code="b">txt</subfield><subfield code="2">rdacontent</subfield></datafield><datafield ind1=" " ind2=" " tag="337"><subfield code="b">n</subfield><subfield code="2">rdamedia</subfield></datafield><datafield ind1=" " ind2=" " tag="338"><subfield code="b">nc</subfield><subfield code="2">rdacarrier</subfield></datafield><datafield ind1="1" ind2=" " tag="490"><subfield code="a">Tennesse Studies in Literature</subfield><subfield code="v">28</subfield></datafield><datafield ind1=" " ind2="7" tag="650"><subfield code="a">Littérature populaire anglaise</subfield><subfield code="0">(IDREF)028422414</subfield><subfield code="2">idref</subfield></datafield><datafield ind1=" " ind2="7" tag="650"><subfield code="a">époque Middle English</subfield><subfield code="0">(RERO)A010172853</subfield><subfield code="2">rerovoc</subfield></datafield><datafield ind1=" " ind2="0" tag="650"><subfield code="a">English literature</subfield><subfield code="y">Middle English, 1100-1500</subfield><subfield code="x">History and criticism</subfield></datafield><datafield ind1=" " ind2="0" tag="650"><subfield code="a">Popular literature</subfield><subfield code="z">England</subfield><subfield code="x">History and criticism</subfield></datafield><datafield ind1=" " ind2=" " tag="690"><subfield code="a">Mittelenglische Literatur / Abhandlungen, Vorträge</subfield><subfield code="2">uzb-Z9</subfield></datafield><datafield ind1="1" ind2=" " tag="700"><subfield code="a">Heffernan, Thomas John</subfield></datafield><datafield ind1="1" ind2=" " tag="700"><subfield code="a">Heffernan, Thomas J</subfield><subfield code="d">1944-....</subfield><subfield code="0">(IDREF)028773403</subfield></datafield><datafield ind1=" " ind2=" " tag="830"><subfield code="a">Tennessee Studies in Literature</subfield><subfield code="v">28</subfield><subfield code="w">(RERO)0978451-41slsp</subfield></datafield><datafield ind1=" " ind2=" " tag="830"><subfield code="a">Tennessee studies in literature</subfield><subfield code="v">28</subfield><subfield code="w">(NEBIS)000986533EBI01</subfield></datafield><datafield ind1=" " ind2=" " tag="900"><subfield code="a">REROnoselfmerge</subfield></datafield><datafield ind1=" " ind2=" " tag="900"><subfield code="a">IDSZ2esmon200912r</subfield><subfield code="c">IDSZ2fumo</subfield></datafield></record>
</metadata></record>