<record><header><identifier>oai:alma.41SLSP_UGE:991000038699705502</identifier><datestamp>2024-05-18T02:45:13Z</datestamp><setSpec>uge_bcen_RapidILL_BOOK</setSpec><setSpec>uge_aaca_RapidILL_BOOK</setSpec><setSpec>uge_abels_RapidILL_BOOK</setSpec><setSpec>uge_dbu_RapidILL_BOOK</setSpec><setSpec>uge_cmu_RapidILL_BOOK</setSpec><setSpec>uge_mail_RapidILL_BOOK</setSpec><setSpec>uge_abbat_RapidILL_BOOK</setSpec><setSpec>UNIGE_ALL</setSpec><setSpec>uge_aobs_RapidILL_BOOK</setSpec><setSpec>uge_acar_RapidILL_BOOK</setSpec></header><metadata>
<record xmlns="http://www.loc.gov/MARC21/slim" xmlns:xsi="http://www.w3.org/2001/XMLSchema-instance" xsi:schemaLocation="http://www.loc.gov/MARC21/slim http://www.loc.gov/standards/marcxml/schema/MARC21slim.xsd"><leader>01481nam a2200385 ca4500</leader><controlfield tag="001">991000038699705502</controlfield><controlfield tag="005">20240307233146.0</controlfield><controlfield tag="008">201011s1987    gw            0|| | ger d</controlfield><datafield ind1=" " ind2=" " tag="020"><subfield code="a">3891900740</subfield><subfield code="q">Leder</subfield></datafield><datafield ind1=" " ind2=" " tag="020"><subfield code="a">3891900732</subfield><subfield code="q">berichtigt</subfield></datafield><datafield ind1=" " ind2=" " tag="035"><subfield code="a">(swissbib)221115633-41slsp_network</subfield></datafield><datafield ind1=" " ind2=" " tag="035"><subfield code="a">221115633</subfield><subfield code="9">ExL</subfield></datafield><datafield ind1=" " ind2=" " tag="035"><subfield code="a">(NEBIS)003064344EBI01</subfield></datafield><datafield ind1=" " ind2=" " tag="035"><subfield code="a">(RERO)0987622-41slsp</subfield></datafield><datafield ind1=" " ind2=" " tag="035"><subfield code="a">(IDSLU)000117424ILU01</subfield></datafield><datafield ind1=" " ind2=" " tag="035"><subfield code="a">(ABN)000017875ABN01</subfield></datafield><datafield ind1=" " ind2=" " tag="035"><subfield code="a">(EXLNZ-41SLSP_NETWORK)991079097499705501</subfield></datafield><datafield ind1=" " ind2=" " tag="040"><subfield code="a">SzZuIDS NEBIS ZBZ</subfield><subfield code="d">CH-ZuSLS</subfield></datafield><datafield ind1=" " ind2="7" tag="072"><subfield code="a">al</subfield><subfield code="2">rero</subfield></datafield><datafield ind1=" " ind2="7" tag="072"><subfield code="a">592</subfield><subfield code="2">IDS LU</subfield></datafield><datafield ind1="0" ind2="4" tag="082"><subfield code="a">833.6</subfield><subfield code="2">19</subfield></datafield><datafield ind1="1" ind2=" " tag="100"><subfield code="a">Moritz, Karl Philipp</subfield><subfield code="d">1756-1793</subfield><subfield code="6">880-01</subfield><subfield code="0">(DE-588)118584162</subfield></datafield><datafield ind1="1" ind2=" " tag="880"><subfield code="6">100-01</subfield><subfield code="a">Moritz, Karl Philipp</subfield><subfield code="d">1756-1793</subfield><subfield code="0">(IDREF)028475615</subfield><subfield code="4">cre</subfield></datafield><datafield ind1="1" ind2="0" tag="245"><subfield code="a">Anton Reiser</subfield><subfield code="b">ein psychologischer Roman</subfield><subfield code="c">hrsg. [und verfasst] von Karl Philipp Moritz</subfield></datafield><datafield ind1=" " ind2="1" tag="264"><subfield code="a">Nördlingen</subfield><subfield code="b">F. Greno</subfield><subfield code="c">1987</subfield></datafield><datafield ind1=" " ind2=" " tag="300"><subfield code="a">4 Theile in 2 Bänden (282, 331 S.)</subfield><subfield code="c">22 cm</subfield></datafield><datafield ind1=" " ind2=" " tag="336"><subfield code="b">txt</subfield><subfield code="2">rdacontent</subfield></datafield><datafield ind1=" " ind2=" " tag="337"><subfield code="b">n</subfield><subfield code="2">rdamedia</subfield></datafield><datafield ind1=" " ind2=" " tag="338"><subfield code="b">nc</subfield><subfield code="2">rdacarrier</subfield></datafield><datafield ind1="1" ind2=" " tag="490"><subfield code="a">Die Schriften in dreissig Bänden / Karl Philipp Moritz</subfield><subfield code="v">15-16</subfield></datafield><datafield ind1=" " ind2=" " tag="500"><subfield code="a">Ursprünglich mehr nicht erschienen</subfield></datafield><datafield ind1=" " ind2="0" tag="650"><subfield code="a">Psychology</subfield><subfield code="x">Early works to 1850</subfield></datafield><datafield ind1="1" ind2=" " tag="800"><subfield code="a">Moritz, Karl Philipp</subfield><subfield code="d">1756-1793</subfield><subfield code="t">&lt;&lt;Die&gt;&gt; Schriften in dreissig Bänden</subfield><subfield code="v">15-16</subfield><subfield code="w">(IDSLU)000131403ILU01</subfield></datafield><datafield ind1="1" ind2=" " tag="800"><subfield code="a">Moritz, Karl Philipp</subfield><subfield code="d">1756-1793</subfield><subfield code="t">Werke</subfield><subfield code="v">15-16</subfield><subfield code="w">(NEBIS)004567425EBI01</subfield></datafield><datafield ind1=" " ind2=" " tag="900"><subfield code="a">IDSZ2zbzmon200308r</subfield><subfield code="c">IDSZ2veze</subfield></datafield><datafield ind1=" " ind2=" " tag="900"><subfield code="a">REROnoselfmerge</subfield></datafield></record>
</metadata></record>