<record><header><identifier>oai:alma.41SLSP_UGE:991000022219705502</identifier><datestamp>2023-03-01T01:08:49Z</datestamp><setSpec>uge_bcen_RapidILL_BOOK</setSpec><setSpec>uge_aaca_RapidILL_BOOK</setSpec><setSpec>uge_abels_RapidILL_BOOK</setSpec><setSpec>uge_dbu_RapidILL_BOOK</setSpec><setSpec>uge_cmu_RapidILL_BOOK</setSpec><setSpec>uge_mail_RapidILL_BOOK</setSpec><setSpec>UNIGE_ALL</setSpec><setSpec>uge_abbat_RapidILL_BOOK</setSpec><setSpec>uge_aobs_RapidILL_BOOK</setSpec><setSpec>uge_acar_RapidILL_BOOK</setSpec></header><metadata>
<record xmlns="http://www.loc.gov/MARC21/slim" xmlns:xsi="http://www.w3.org/2001/XMLSchema-instance" xsi:schemaLocation="http://www.loc.gov/MARC21/slim http://www.loc.gov/standards/marcxml/schema/MARC21slim.xsd"><leader>01219nam a2200349 c 4500</leader><controlfield tag="001">991000022219705502</controlfield><controlfield tag="005">20210206211544.0</controlfield><controlfield tag="008">000907s1998    fr ||||| |||| 00| ||fre d</controlfield><datafield ind1=" " ind2=" " tag="020"><subfield code="a">2100036246</subfield></datafield><datafield ind1=" " ind2=" " tag="035"><subfield code="a">(swissbib)095262415-41slsp_network</subfield></datafield><datafield ind1=" " ind2=" " tag="035"><subfield code="a">095262415</subfield><subfield code="9">ExL</subfield></datafield><datafield ind1=" " ind2=" " tag="035"><subfield code="a">(RERO)R263344160-41slsp</subfield></datafield><datafield ind1=" " ind2=" " tag="035"><subfield code="a">(EXLNZ-41SLSP_NETWORK)991141657799705501</subfield></datafield><datafield ind1=" " ind2=" " tag="040"><subfield code="a">RERO geussp</subfield><subfield code="d">CH-ZuSLS</subfield></datafield><datafield ind1=" " ind2="7" tag="072"><subfield code="a">py</subfield><subfield code="2">rero</subfield></datafield><datafield ind1="1" ind2=" " tag="100"><subfield code="a">Taine, Jean</subfield><subfield code="d">1949-....</subfield><subfield code="0">(IDREF)02967929X</subfield><subfield code="4">cre</subfield></datafield><datafield ind1="1" ind2="0" tag="245"><subfield code="a">Transferts thermiques</subfield><subfield code="b">mécanique des fluides anisothermes : cours et données de base</subfield><subfield code="c">Jean Taine, Jean-Pierre Petit ; préf. de Roger Séméria</subfield></datafield><datafield ind1=" " ind2=" " tag="250"><subfield code="a">2e éd</subfield></datafield><datafield ind1=" " ind2="1" tag="264"><subfield code="a">Paris</subfield><subfield code="b">Dunod</subfield><subfield code="c">[1998]</subfield></datafield><datafield ind1=" " ind2="4" tag="264"><subfield code="c">© 1998</subfield></datafield><datafield ind1=" " ind2=" " tag="300"><subfield code="a">XXIV, 422 p.</subfield><subfield code="b">ill.</subfield><subfield code="c">26 cm</subfield></datafield><datafield ind1=" " ind2=" " tag="336"><subfield code="b">txt</subfield><subfield code="2">rdacontent</subfield></datafield><datafield ind1=" " ind2=" " tag="337"><subfield code="b">n</subfield><subfield code="2">rdamedia</subfield></datafield><datafield ind1=" " ind2=" " tag="338"><subfield code="b">nc</subfield><subfield code="2">rdacarrier</subfield></datafield><datafield ind1="1" ind2=" " tag="490"><subfield code="a">Sciences Sup</subfield></datafield><datafield ind1="1" ind2=" " tag="490"><subfield code="a">Dunod Physique</subfield></datafield><datafield ind1=" " ind2=" " tag="500"><subfield code="a">La couv. porte: Ecoles d'ingénieurs / 2e cycle universitaire</subfield></datafield><datafield ind1=" " ind2=" " tag="504"><subfield code="a">Bibliogr.: p. 408-419</subfield></datafield><datafield ind1="1" ind2=" " tag="700"><subfield code="a">Petit, Jean-Pierre</subfield><subfield code="d">1937-</subfield><subfield code="0">(RERO)A012310867</subfield></datafield><datafield ind1="1" ind2=" " tag="700"><subfield code="a">Séméria, Roger</subfield><subfield code="d">19..-....</subfield><subfield code="0">(IDREF)135315719</subfield></datafield><datafield ind1=" " ind2="0" tag="830"><subfield code="a">Dunod Physique</subfield><subfield code="w">(RERO)R003023106-41slsp</subfield></datafield><datafield ind1=" " ind2="0" tag="830"><subfield code="a">Sciences Sup</subfield><subfield code="w">(RERO)R232466260-41slsp</subfield></datafield><datafield ind1=" " ind2=" " tag="900"><subfield code="a">REROnoselfmerge</subfield></datafield></record>
</metadata></record>