<record><header><identifier>oai:alma.41SLSP_UGE:991000038279705502</identifier><datestamp>2023-03-01T01:08:49Z</datestamp><setSpec>uge_bcen_RapidILL_BOOK</setSpec><setSpec>uge_aaca_RapidILL_BOOK</setSpec><setSpec>uge_abels_RapidILL_BOOK</setSpec><setSpec>uge_dbu_RapidILL_BOOK</setSpec><setSpec>uge_cmu_RapidILL_BOOK</setSpec><setSpec>uge_mail_RapidILL_BOOK</setSpec><setSpec>UNIGE_ALL</setSpec><setSpec>uge_abbat_RapidILL_BOOK</setSpec><setSpec>uge_aobs_RapidILL_BOOK</setSpec><setSpec>uge_acar_RapidILL_BOOK</setSpec></header><metadata>
<record xmlns="http://www.loc.gov/MARC21/slim" xmlns:xsi="http://www.w3.org/2001/XMLSchema-instance" xsi:schemaLocation="http://www.loc.gov/MARC21/slim http://www.loc.gov/standards/marcxml/schema/MARC21slim.xsd"><leader>03220nam a2200493 c 4500</leader><controlfield tag="001">991000038279705502</controlfield><controlfield tag="005">20230213201905.0</controlfield><controlfield tag="008">201011s1983    fr ||||| |||| 00| ||fre d</controlfield><datafield ind1=" " ind2=" " tag="020"><subfield code="a">2850880132</subfield></datafield><datafield ind1=" " ind2=" " tag="035"><subfield code="a">(swissbib)226642615-41slsp_network</subfield></datafield><datafield ind1=" " ind2=" " tag="035"><subfield code="a">226642615</subfield><subfield code="9">ExL</subfield></datafield><datafield ind1=" " ind2=" " tag="035"><subfield code="a">(RERO)0487219-41slsp</subfield></datafield><datafield ind1=" " ind2=" " tag="035"><subfield code="a">(IDSBB)000056927DSV01</subfield></datafield><datafield ind1=" " ind2=" " tag="035"><subfield code="a">(NEBIS)000536139EBI01</subfield></datafield><datafield ind1=" " ind2=" " tag="035"><subfield code="a">(IDSLU)000006041ILU01</subfield></datafield><datafield ind1=" " ind2=" " tag="035"><subfield code="a">(EXLNZ-41SLSP_NETWORK)991058823509705501</subfield></datafield><datafield ind1=" " ind2=" " tag="040"><subfield code="a">RERO</subfield><subfield code="d">CH-ZuSLS</subfield></datafield><datafield ind1=" " ind2="7" tag="072"><subfield code="a">ba</subfield><subfield code="2">rero</subfield></datafield><datafield ind1=" " ind2="7" tag="072"><subfield code="a">kh</subfield><subfield code="2">SzZuIDS BS/BE</subfield></datafield><datafield ind1=" " ind2="7" tag="072"><subfield code="a">450</subfield><subfield code="2">IDS LU</subfield></datafield><datafield ind1="1" ind2=" " tag="100"><subfield code="a">Erlande-Brandenburg, Alain</subfield><subfield code="d">1937-2020</subfield><subfield code="0">(DE-588)132075407</subfield><subfield code="6">880-01</subfield></datafield><datafield ind1="1" ind2=" " tag="880"><subfield code="6">100-01</subfield><subfield code="a">Erlande-Brandenburg, Alain</subfield><subfield code="d">1937-2020</subfield><subfield code="0">(IDREF)02685225X</subfield><subfield code="4">cre</subfield></datafield><datafield ind1="1" ind2="0" tag="245"><subfield code="a">&lt;&lt;L'&gt;&gt;art gothique</subfield><subfield code="c">Alain Erlande-Brandenburg ; [l'iconographie du présent ouvrage a été dirigée par Jean Mazenod]</subfield></datafield><datafield ind1=" " ind2="1" tag="264"><subfield code="a">Paris</subfield><subfield code="b">L. Mazenod</subfield><subfield code="c">1983</subfield></datafield><datafield ind1=" " ind2=" " tag="300"><subfield code="a">628 p.</subfield><subfield code="b">fig. en noir et en coul., portr., carte, plans, fac-sim., tabl., dépl.</subfield><subfield code="c">32 cm</subfield></datafield><datafield ind1=" " ind2=" " tag="336"><subfield code="b">txt</subfield><subfield code="2">rdacontent</subfield></datafield><datafield ind1=" " ind2=" " tag="337"><subfield code="b">n</subfield><subfield code="2">rdamedia</subfield></datafield><datafield ind1=" " ind2=" " tag="338"><subfield code="b">nc</subfield><subfield code="2">rdacarrier</subfield></datafield><datafield ind1="1" ind2=" " tag="490"><subfield code="a">L'art et les grandes civilisations</subfield><subfield code="v">13</subfield></datafield><datafield ind1=" " ind2=" " tag="504"><subfield code="a">Bibliogr</subfield></datafield><datafield ind1="8" ind2=" " tag="520"><subfield code="a">L'univers gothique ne peut plus aujourd'hui se définir par la voûte d'ogive, comme une évolution formelle de l'art roman ou comme une opposition avec la Renaissance. La réalité est plus complexe : ses balbutiements sont contemporains des chefs-d'œuvre romans, ses derniers feux de l'essor renaissant, la coexistence couvrant plus d'un siècle. L'auteur adopte ici l'attitude des historiens des civilisations sans écrit pour comprendre à travers l'image le sens profond du message. Cette démarche est d'autant plus justifiée que la création gothique est l'expression la plus aboutie de la puissance de l'image : jamais elle n'a été aussi présente pour exprimer la foi, pour donner du plaisir à l'œil. L'art gothique forme un tout, animé par le mouvement permanent de la pensée, de la vie, des êtres humains, et ne peut s'analyser par l'une de ses composantes seule : sculpture, peinture ou objet précieux. Il n'est pas statique, mais traversé de découvertes fulgurantes et d'échappées qui l'enrichissent. Giotto, l'un des plus grands créateurs de l'histoire de l'homme, est un &quot;gothique&quot; mais, comme Picasso, son génie fait éclater les cadres de son temps</subfield><subfield code="5">RERO/njhep-/09.2011</subfield></datafield><datafield ind1=" " ind2="7" tag="650"><subfield code="a">Art européen</subfield><subfield code="0">(IDREF)028244060</subfield><subfield code="2">idref</subfield></datafield><datafield ind1=" " ind2="7" tag="650"><subfield code="a">gothique (époque)</subfield><subfield code="0">(RERO)A009950592</subfield><subfield code="2">rerovoc</subfield></datafield><datafield ind1=" " ind2="7" tag="650"><subfield code="a">Kunst</subfield><subfield code="x">Gotik</subfield><subfield code="v">0 Gesamtdarstellung</subfield><subfield code="2">idsbb</subfield></datafield><datafield ind1=" " ind2="7" tag="650"><subfield code="a">Architektur</subfield><subfield code="x">Gotik</subfield><subfield code="v">0 Gesamtdarstellung</subfield><subfield code="2">idsbb</subfield></datafield><datafield ind1=" " ind2="7" tag="650"><subfield code="a">ABBILDUNGEN UND BILDWERKE (DOKUMENTENTYP)</subfield><subfield code="9">ger</subfield><subfield code="0">(ETHUDK)000000115</subfield><subfield code="2">ethudk</subfield></datafield><datafield ind1=" " ind2="7" tag="650"><subfield code="a">GOTISCHE KUNST</subfield><subfield code="9">ger</subfield><subfield code="0">(ETHUDK)000035270</subfield><subfield code="2">ethudk</subfield></datafield><datafield ind1=" " ind2="7" tag="650"><subfield code="a">KUNSTGESCHICHTE</subfield><subfield code="9">ger</subfield><subfield code="0">(ETHUDK)000035233</subfield><subfield code="2">ethudk</subfield></datafield><datafield ind1=" " ind2=" " tag="690"><subfield code="a">Kunst. Geschichte. M.A., B: Gotik</subfield><subfield code="2">rzs-L1</subfield></datafield><datafield ind1=" " ind2=" " tag="690"><subfield code="a">Kunst, kirchliche. Geschichte. M.A., B: Gotik</subfield><subfield code="2">rzs-L1</subfield></datafield><datafield ind1=" " ind2=" " tag="690"><subfield code="a">Gotik, B: Kunst. Geschichte.</subfield><subfield code="2">rzs-L1</subfield></datafield><datafield ind1=" " ind2=" " tag="690"><subfield code="a">Kirchenbau. Geschichte. M.A., B: Gotik</subfield><subfield code="2">rzs-L1</subfield></datafield><datafield ind1="1" ind2=" " tag="700"><subfield code="a">Mazenod, Jean</subfield><subfield code="0">(IDREF)03166797X</subfield></datafield><datafield ind1=" " ind2=" " tag="830"><subfield code="a">&lt;&lt;L'&gt;&gt;art et les grandes civilisations</subfield><subfield code="v">13</subfield><subfield code="w">(RERO)0022984-41slsp</subfield></datafield><datafield ind1=" " ind2=" " tag="900"><subfield code="a">REROnoselfmerge</subfield></datafield><datafield ind1=" " ind2=" " tag="993"><subfield code="a">BFLB 257/13</subfield><subfield code="x">ge/ulha/a/83/0510</subfield><subfield code="9">LOCAL</subfield></datafield></record>
</metadata></record>